<?xml version="1.0" encoding="UTF-8"?>
<!DOCTYPE html PUBLIC "-//W3C//DTD XHTML 1.0 Transitional//EN"
    "http://www.w3.org/TR/xhtml1/DTD/xhtml1-transitional.dtd">
<html xmlns="http://www.w3.org/1999/xhtml" xml:lang="en" lang="en">
 <head>
  <title>
</title>
<meta http-equiv="Content-Type" content="text/html;charset=utf-8" />
  <meta name='ocr-system' content='tesseract 3.04.00' />
  <meta name='ocr-capabilities' content='ocr_page ocr_carea ocr_par ocr_line ocrx_word'/>
</head>
<body>
  <div class='ocr_page' id='page_1' title='image "./devitaetmoribusj00taciuoft_0089.png"; bbox 0 0 1747 2764; ppageno 0'>
   <div class='ocr_carea' id='block_1_1' title="bbox 732 120 1528 159">
    <p class='ocr_par' dir='ltr' id='par_1_1' title="bbox 732 120 1528 159">
     <span class='ocr_line' id='line_1_1' title="bbox 732 120 1528 159; baseline 0 -5"><span class='ocrx_word' id='word_1_1' title='bbox 732 122 990 154; x_wconf 75' lang='lat' dir='ltr'>AGRICOLA,</span> <span class='ocrx_word' id='word_1_2' title='bbox 1504 120 1528 159; x_wconf 82' lang='grc'>9</span> 
     </span>
    </p>
   </div>
   <div class='ocr_carea' id='block_1_2' title="bbox 189 236 1580 1115">
    <p class='ocr_par' dir='ltr' id='par_1_2' title="bbox 189 236 1580 1115">
     <span class='ocr_line' id='line_1_2' title="bbox 196 236 1526 288; baseline 0.004 -15"><span class='ocrx_word' id='word_1_3' title='bbox 196 236 374 274; x_wconf 87' lang='lat' dir='ltr'>transire</span> <span class='ocrx_word' id='word_1_4' title='bbox 408 236 639 275; x_wconf 86' lang='lat' dir='ltr'>adfirmant.</span> <span class='ocrx_word' id='word_1_5' title='bbox 699 237 866 276; x_wconf 73' lang='lat' dir='ltr'>Scilicet</span> <span class='ocrx_word' id='word_1_6' title='bbox 900 241 1086 276; x_wconf 83' lang='lat' dir='ltr'>extrema</span> <span class='ocrx_word' id='word_1_7' title='bbox 1115 242 1155 276; x_wconf 89' lang='lat' dir='ltr'>et</span> <span class='ocrx_word' id='word_1_8' title='bbox 1176 238 1300 288; x_wconf 87' lang='lat' dir='ltr'>plana</span> <span class='ocrx_word' id='word_1_9' title='bbox 1324 243 1526 278; x_wconf 82' lang='lat' dir='ltr'>terrarum</span> 
     </span>
     <span class='ocr_line' id='line_1_3' title="bbox 196 306 1528 358; baseline 0.004 -16"><span class='ocrx_word' id='word_1_10' title='bbox 196 306 345 343; x_wconf 87' lang='lat' dir='ltr'>humili</span> <span class='ocrx_word' id='word_1_11' title='bbox 366 306 510 344; x_wconf 86' lang='lat' dir='ltr'>umbra</span> <span class='ocrx_word' id='word_1_12' title='bbox 538 320 619 344; x_wconf 91' lang='lat' dir='ltr'>non</span> <span class='ocrx_word' id='word_1_13' title='bbox 649 307 812 356; x_wconf 86' lang='lat' dir='ltr'>erigunt</span> <span class='ocrx_word' id='word_1_14' title='bbox 841 308 1043 355; x_wconf 75' lang='lat' dir='ltr'>tenebras,</span> <span class='ocrx_word' id='word_1_15' title='bbox 1076 308 1267 358; x_wconf 80' lang='lat' dir='ltr'>infraque</span> <span class='ocrx_word' id='word_1_16' title='bbox 1299 309 1457 346; x_wconf 88' lang='lat' dir='ltr'>caelum</span> <span class='ocrx_word' id='word_1_17' title='bbox 1488 314 1528 347; x_wconf 87' lang='lat' dir='ltr'>et</span> 
     </span>
     <span class='ocr_line' id='line_1_4' title="bbox 196 375 1527 428; baseline 0.004 -16"><span class='ocrx_word' id='word_1_18' title='bbox 196 375 333 413; x_wconf 88' lang='lat' dir='ltr'>sidera</span> <span class='ocrx_word' id='word_1_19' title='bbox 365 389 446 414; x_wconf 81' lang='lat' dir='ltr'>nox</span> <span class='ocrx_word' id='word_1_20' title='bbox 479 376 600 414; x_wconf 85' lang='lat' dir='ltr'>cadit.</span> <span class='ocrx_word' id='word_1_21' title='bbox 673 377 826 425; x_wconf 80' lang='lat' dir='ltr'>Solum,</span> <span class='ocrx_word' id='word_1_22' title='bbox 867 381 1029 427; x_wconf 83' lang='lat' dir='ltr'>praeter</span> <span class='ocrx_word' id='word_1_23' title='bbox 1068 378 1198 416; x_wconf 89' lang='lat' dir='ltr'>oleam</span> <span class='ocrx_word' id='word_1_24' title='bbox 1238 379 1447 428; x_wconf 80' lang='lat' dir='ltr'>vitemque</span> <span class='ocrx_word' id='word_1_25' title='bbox 1486 384 1527 417; x_wconf 87' lang='lat' dir='ltr'>et</span> 
     </span>
     <span class='ocr_line' id='line_1_5' title="bbox 194 446 1525 498; baseline 0.003 -15"><span class='ocrx_word' id='word_1_26' title='bbox 194 448 331 483; x_wconf 80' lang='lat' dir='ltr'>cetera</span> <span class='ocrx_word' id='word_1_27' title='bbox 370 446 636 485; x_wconf 76' lang='lat' dir='ltr'>calidioribus</span> <span class='ocrx_word' id='word_1_28' title='bbox 676 447 796 485; x_wconf 85' lang='lat' dir='ltr'>terris</span> <span class='ocrx_word' id='word_1_29' title='bbox 837 447 934 485; x_wconf 91' lang='lat' dir='ltr'>oriri</span> <span class='ocrx_word' id='word_1_30' title='bbox 975 452 1102 495; x_wconf 83' lang='lat' dir='ltr'>sueta,</span> <span class='ocrx_word' id='word_1_31' title='bbox 1142 448 1310 496; x_wconf 78' lang='lat' dir='ltr'>frugum</span> <span class='ocrx_word' id='word_1_32' title='bbox 1350 449 1525 498; x_wconf 84' lang='lat' dir='ltr'>patiens,</span> 
     </span>
     <span class='ocr_line' id='line_1_6' title="bbox 194 515 1562 569; baseline 0.002 -17"><span class='ocrx_word' id='word_1_33' title='bbox 194 515 441 554; x_wconf 85' lang='lat' dir='ltr'>fecundum:</span> <span class='ocrx_word' id='word_1_34' title='bbox 476 516 593 554; x_wconf 88' lang='lat' dir='ltr'>tarde</span> <span class='ocrx_word' id='word_1_35' title='bbox 626 517 862 564; x_wconf 80' lang='lat' dir='ltr'>mitescunt,</span> <span class='ocrx_word' id='word_1_36' title='bbox 888 517 970 555; x_wconf 77' lang='lat' dir='ltr'>cito</span> <span class='ocrx_word' id='word_1_37' title='bbox 997 518 1267 567; x_wconf 75' lang='lat' dir='ltr'>proveniunt3</span> <span class='ocrx_word' id='word_1_38' title='bbox 1301 519 1525 569; x_wconf 88' lang='lat' dir='ltr'>eademque</span> <span class='ocrx_word' id='word_1_39' title='bbox 1544 528 1562 555; x_wconf 91' lang='lat'>5</span> 
     </span>
     <span class='ocr_line' id='line_1_7' title="bbox 194 575 1522 639; baseline 0.004 -17"><span class='ocrx_word' id='word_1_40' title='bbox 194 585 409 635; x_wconf 86' lang='lat' dir='ltr'>utriusque</span> <span class='ocrx_word' id='word_1_41' title='bbox 447 586 506 624; x_wconf 87' lang='lat' dir='ltr'>rei</span> <span class='ocrx_word' id='word_1_42' title='bbox 544 599 679 633; x_wconf 81' lang='grc'>031133,</span> <span class='ocrx_word' id='word_1_43' title='bbox 719 587 874 625; x_wconf 87' lang='lat' dir='ltr'>multus</span> <span class='ocrx_word' id='word_1_44' title='bbox 918 600 1035 625; x_wconf 90' lang='lat' dir='ltr'>umor</span> <span class='ocrx_word' id='word_1_45' title='bbox 1077 591 1280 626; x_wconf 76' lang='lat' dir='ltr'>terrarum</span> <span class='ocrx_word' id='word_1_46' title='bbox 1327 575 1522 639; x_wconf 83' lang='lat' dir='ltr'>caelique.</span> 
     </span>
     <span class='ocr_line' id='line_1_8' title="bbox 193 655 1526 708; baseline 0.004 -17"><span class='ocrx_word' id='word_1_47' title='bbox 193 655 292 692; x_wconf 87' lang='lat' dir='ltr'>Fert</span> <span class='ocrx_word' id='word_1_48' title='bbox 313 655 531 694; x_wconf 73' lang='lat' dir='ltr'>Britannia</span> <span class='ocrx_word' id='word_1_49' title='bbox 559 669 702 694; x_wconf 88' lang='lat' dir='ltr'>aurum</span> <span class='ocrx_word' id='word_1_50' title='bbox 732 660 773 695; x_wconf 82' lang='lat' dir='ltr'>et</span> <span class='ocrx_word' id='word_1_51' title='bbox 803 661 1017 707; x_wconf 86' lang='lat' dir='ltr'>argentum</span> <span class='ocrx_word' id='word_1_52' title='bbox 1047 661 1088 695; x_wconf 90' lang='lat' dir='ltr'>et</span> <span class='ocrx_word' id='word_1_53' title='bbox 1118 658 1200 695; x_wconf 86' lang='lat' dir='ltr'>alia</span> <span class='ocrx_word' id='word_1_54' title='bbox 1229 658 1408 707; x_wconf 83' lang='lat' dir='ltr'>metalla,</span> <span class='ocrx_word' id='word_1_55' title='bbox 1440 672 1526 708; x_wconf 89' lang='lat' dir='ltr'>pre-</span> 
     </span>
     <span class='ocr_line' id='line_1_9' title="bbox 192 725 1526 776; baseline 0.004 -14"><span class='ocrx_word' id='word_1_56' title='bbox 192 725 297 762; x_wconf 87' lang='lat' dir='ltr'>tium</span> <span class='ocrx_word' id='word_1_57' title='bbox 327 725 534 764; x_wconf 81' lang='lat' dir='ltr'>victoriae.</span> <span class='ocrx_word' id='word_1_58' title='bbox 594 727 740 775; x_wconf 85' lang='lat' dir='ltr'>Gignit</span> <span class='ocrx_word' id='word_1_59' title='bbox 770 731 811 765; x_wconf 87' lang='lat' dir='ltr'>et</span> <span class='ocrx_word' id='word_1_60' title='bbox 842 727 1028 765; x_wconf 79' lang='lat' dir='ltr'>Oceanus</span> <span class='ocrx_word' id='word_1_61' title='bbox 1067 728 1302 776; x_wconf 86' lang='lat' dir='ltr'>margarita,</span> <span class='ocrx_word' id='word_1_62' title='bbox 1335 729 1406 766; x_wconf 87' lang='lat' dir='ltr'>sed</span> <span class='ocrx_word' id='word_1_63' title='bbox 1437 730 1526 767; x_wconf 91' lang='lat' dir='ltr'>sub-</span> 
     </span>
     <span class='ocr_line' id='line_1_10' title="bbox 191 795 1523 847; baseline 0.004 -15"><span class='ocrx_word' id='word_1_64' title='bbox 191 795 310 833; x_wconf 80' lang='lat' dir='ltr'>fusca</span> <span class='ocrx_word' id='word_1_65' title='bbox 356 808 401 833; x_wconf 84' lang='lat' dir='ltr'>ac</span> <span class='ocrx_word' id='word_1_66' title='bbox 448 796 633 835; x_wconf 82' lang='lat' dir='ltr'>liventia.</span> <span class='ocrx_word' id='word_1_67' title='bbox 716 797 892 842; x_wconf 80' lang='lat' dir='ltr'>Quidam</span> <span class='ocrx_word' id='word_1_68' title='bbox 932 801 1062 835; x_wconf 82' lang='lat' dir='ltr'>artem</span> <span class='ocrx_word' id='word_1_69' title='bbox 1112 799 1253 836; x_wconf 87' lang='lat' dir='ltr'>abesse</span> <span class='ocrx_word' id='word_1_70' title='bbox 1292 798 1523 847; x_wconf 85' lang='lat' dir='ltr'>legentibus</span> 
     </span>
     <span class='ocr_line' id='line_1_11' title="bbox 191 865 1580 918; baseline 0.002 -15"><span class='ocrx_word' id='word_1_71' title='bbox 191 865 468 914; x_wconf 79' lang='lat' dir='ltr'>arbitrantur3</span> <span class='ocrx_word' id='word_1_72' title='bbox 500 879 595 904; x_wconf 87' lang='lat' dir='ltr'>nam</span> <span class='ocrx_word' id='word_1_73' title='bbox 624 867 667 904; x_wconf 91' lang='grc'>111</span> <span class='ocrx_word' id='word_1_74' title='bbox 694 868 836 905; x_wconf 83' lang='lat' dir='ltr'>Rubro</span> <span class='ocrx_word' id='word_1_75' title='bbox 861 868 969 905; x_wconf 81' lang='lat' dir='ltr'>Mari</span> <span class='ocrx_word' id='word_1_76' title='bbox 991 868 1087 906; x_wconf 81' lang='lat' dir='ltr'>viva</span> <span class='ocrx_word' id='word_1_77' title='bbox 1107 881 1152 906; x_wconf 86' lang='lat' dir='ltr'>ae</span> <span class='ocrx_word' id='word_1_78' title='bbox 1178 869 1383 918; x_wconf 76' lang='lat' dir='ltr'>spirantia</span> <span class='ocrx_word' id='word_1_79' title='bbox 1412 870 1523 908; x_wconf 83' lang='lat' dir='ltr'>saxis</span> <span class='ocrx_word' id='word_1_80' title='bbox 1544 878 1580 906; x_wconf 93' lang='lat'>10</span> 
     </span>
     <span class='ocr_line' id='line_1_12' title="bbox 190 935 1523 988; baseline 0.004 -16"><span class='ocrx_word' id='word_1_81' title='bbox 190 935 327 983; x_wconf 78' lang='lat' dir='ltr'>avelli,</span> <span class='ocrx_word' id='word_1_82' title='bbox 362 936 407 973; x_wconf 93' lang='lat' dir='ltr'>in</span> <span class='ocrx_word' id='word_1_83' title='bbox 445 936 676 984; x_wconf 71' lang='lat' dir='ltr'>Britannia,</span> <span class='ocrx_word' id='word_1_84' title='bbox 719 940 841 986; x_wconf 85' lang='lat' dir='ltr'>prout</span> <span class='ocrx_word' id='word_1_85' title='bbox 888 938 1062 987; x_wconf 78' lang='lat' dir='ltr'>expulsa</span> <span class='ocrx_word' id='word_1_86' title='bbox 1106 938 1202 983; x_wconf 88' lang='lat' dir='ltr'>sint,</span> <span class='ocrx_word' id='word_1_87' title='bbox 1231 938 1403 988; x_wconf 76' lang='lat' dir='ltr'>conligi:</span> <span class='ocrx_word' id='word_1_88' title='bbox 1451 952 1523 988; x_wconf 88' lang='lat' dir='ltr'>ego</span> 
     </span>
     <span class='ocr_line' id='line_1_13' title="bbox 190 1005 1522 1059; baseline 0.003 -16"><span class='ocrx_word' id='word_1_89' title='bbox 190 1005 357 1043; x_wconf 74' lang='lat' dir='ltr'>facilius</span> <span class='ocrx_word' id='word_1_90' title='bbox 397 1006 645 1044; x_wconf 78' lang='lat' dir='ltr'>crediderim</span> <span class='ocrx_word' id='word_1_91' title='bbox 687 1011 877 1045; x_wconf 82' lang='lat' dir='ltr'>naturam</span> <span class='ocrx_word' id='word_1_92' title='bbox 926 1008 1161 1056; x_wconf 79' lang='lat' dir='ltr'>margaritis</span> <span class='ocrx_word' id='word_1_93' title='bbox 1211 1008 1352 1046; x_wconf 81' lang='lat' dir='ltr'>deesse</span> <span class='ocrx_word' id='word_1_94' title='bbox 1400 1022 1522 1059; x_wconf 85' lang='lat' dir='ltr'>quam</span> 
     </span>
     <span class='ocr_line' id='line_1_14' title="bbox 189 1075 565 1115; baseline 0.003 -2"><span class='ocrx_word' id='word_1_95' title='bbox 189 1075 307 1114; x_wconf 90' lang='lat' dir='ltr'>nobis</span> <span class='ocrx_word' id='word_1_96' title='bbox 337 1076 565 1115; x_wconf 84' lang='lat' dir='ltr'>avaritiam.</span> 
     </span>
    </p>
   </div>
   <div class='ocr_carea' id='block_1_3' title="bbox 414 1201 1293 1241">
    <p class='ocr_par' dir='ltr' id='par_1_3' title="bbox 414 1201 1293 1241">
     <span class='ocr_line' id='line_1_15' title="bbox 414 1201 1293 1241; baseline 0 -9"><span class='ocrx_word' id='word_1_97' title='bbox 414 1201 483 1232; x_wconf 71' lang='lat' dir='ltr'>The</span> <span class='ocrx_word' id='word_1_98' title='bbox 509 1201 681 1233; x_wconf 70' lang='lat' dir='ltr'>Precious</span> <span class='ocrx_word' id='word_1_99' title='bbox 706 1202 879 1241; x_wconf 76' lang='lat' dir='ltr'>Attempcs</span> <span class='ocrx_word' id='word_1_100' title='bbox 903 1206 936 1233; x_wconf 75' lang='lat' dir='ltr'>co</span> <span class='ocrx_word' id='word_1_101' title='bbox 961 1211 1114 1241; x_wconf 76' lang='lat' dir='ltr'>conquer</span> <span class='ocrx_word' id='word_1_102' title='bbox 1139 1203 1293 1234; x_wconf 76' lang='grc' dir='ltr'><em>Βνίταιή.</em></span> 
     </span>
    </p>
   </div>
   <div class='ocr_carea' id='block_1_4' title="bbox 180 1281 1575 2450">
    <p class='ocr_par' dir='ltr' id='par_1_4' title="bbox 180 1281 1575 2450">
     <span class='ocr_line' id='line_1_16' title="bbox 243 1281 1521 1332; baseline 0.002 -13"><span class='ocrx_word' id='word_1_103' title='bbox 243 1281 304 1320; x_wconf 87' lang='grc'>13.</span> <span class='ocrx_word' id='word_1_104' title='bbox 346 1283 435 1332; x_wconf 85' lang='lat' dir='ltr'>Ipsi</span> <span class='ocrx_word' id='word_1_105' title='bbox 466 1283 657 1321; x_wconf 87' lang='lat' dir='ltr'>Britanni</span> <span class='ocrx_word' id='word_1_106' title='bbox 688 1284 886 1321; x_wconf 87' lang='lat' dir='ltr'>dilectum</span> <span class='ocrx_word' id='word_1_107' title='bbox 916 1296 960 1322; x_wconf 86' lang='grc'>30</span> <span class='ocrx_word' id='word_1_108' title='bbox 988 1284 1144 1322; x_wconf 86' lang='lat' dir='ltr'>tributa</span> <span class='ocrx_word' id='word_1_109' title='bbox 1170 1290 1211 1321; x_wconf 86' lang='lat' dir='ltr'>et</span> <span class='ocrx_word' id='word_1_110' title='bbox 1237 1284 1424 1322; x_wconf 82' lang='lat' dir='ltr'>iniuncta</span> <span class='ocrx_word' id='word_1_111' title='bbox 1450 1285 1521 1322; x_wconf 93' lang='lat' dir='ltr'>im-</span> 
     </span>
     <span class='ocr_line' id='line_1_17' title="bbox 188 1352 1575 1403; baseline 0.003 -14"><span class='ocrx_word' id='word_1_112' title='bbox 188 1352 293 1401; x_wconf 88' lang='lat' dir='ltr'>perii</span> <span class='ocrx_word' id='word_1_113' title='bbox 332 1365 502 1391; x_wconf 88' lang='lat' dir='ltr'>munera</span> <span class='ocrx_word' id='word_1_114' title='bbox 539 1354 714 1403; x_wconf 80' lang='lat' dir='ltr'>impigre</span> <span class='ocrx_word' id='word_1_115' title='bbox 754 1354 918 1402; x_wconf 85' lang='lat' dir='ltr'>obeunt,</span> <span class='ocrx_word' id='word_1_116' title='bbox 959 1354 994 1392; x_wconf 89' lang='lat' dir='ltr'>si</span> <span class='ocrx_word' id='word_1_117' title='bbox 1033 1354 1208 1392; x_wconf 84' lang='lat' dir='ltr'>iniuriae</span> <span class='ocrx_word' id='word_1_118' title='bbox 1250 1354 1407 1392; x_wconf 79' lang='lat' dir='ltr'>absint:</span> <span class='ocrx_word' id='word_1_119' title='bbox 1445 1355 1518 1393; x_wconf 90' lang='lat' dir='ltr'>has</span> <span class='ocrx_word' id='word_1_120' title='bbox 1540 1362 1575 1388; x_wconf 80' lang='grc'>15</span> 
     </span>
     <span class='ocr_line' id='line_1_18' title="bbox 188 1423 1520 1474; baseline 0.002 -15"><span class='ocrx_word' id='word_1_121' title='bbox 188 1433 308 1470; x_wconf 84' lang='lat' dir='ltr'>aegre</span> <span class='ocrx_word' id='word_1_122' title='bbox 342 1423 531 1471; x_wconf 87' lang='lat' dir='ltr'>tolerant,</span> <span class='ocrx_word' id='word_1_123' title='bbox 563 1424 644 1461; x_wconf 84' lang='lat' dir='ltr'>iam</span> <span class='ocrx_word' id='word_1_124' title='bbox 675 1423 821 1461; x_wconf 88' lang='lat' dir='ltr'>domiti</span> <span class='ocrx_word' id='word_1_125' title='bbox 856 1428 902 1461; x_wconf 88' lang='lat' dir='ltr'>ut</span> <span class='ocrx_word' id='word_1_126' title='bbox 934 1428 1116 1474; x_wconf 89' lang='lat' dir='ltr'>pareant,</span> <span class='ocrx_word' id='word_1_127' title='bbox 1148 1424 1330 1461; x_wconf 89' lang='lat' dir='ltr'>nondum</span> <span class='ocrx_word' id='word_1_128' title='bbox 1361 1429 1407 1462; x_wconf 89' lang='lat' dir='ltr'>ut</span> <span class='ocrx_word' id='word_1_129' title='bbox 1441 1437 1520 1463; x_wconf 85' lang='lat' dir='ltr'>ser-</span> 
     </span>
     <span class='ocr_line' id='line_1_19' title="bbox 189 1491 1518 1543; baseline 0.004 -15"><span class='ocrx_word' id='word_1_130' title='bbox 189 1491 314 1530; x_wconf 83' lang='lat' dir='ltr'>viant.</span> <span class='ocrx_word' id='word_1_131' title='bbox 374 1493 509 1540; x_wconf 80' lang='lat' dir='ltr'>Igitur</span> <span class='ocrx_word' id='word_1_132' title='bbox 528 1493 685 1543; x_wconf 87' lang='lat' dir='ltr'>primus</span> <span class='ocrx_word' id='word_1_133' title='bbox 707 1494 887 1531; x_wconf 88' lang='lat' dir='ltr'>omnium</span> <span class='ocrx_word' id='word_1_134' title='bbox 912 1494 1189 1531; x_wconf 80' lang='lat' dir='ltr'>Romanorum</span> <span class='ocrx_word' id='word_1_135' title='bbox 1220 1494 1353 1532; x_wconf 80' lang='lat' dir='ltr'>Divus</span> <span class='ocrx_word' id='word_1_136' title='bbox 1383 1494 1518 1533; x_wconf 85' lang='lat' dir='ltr'>Iulius</span> 
     </span>
     <span class='ocr_line' id='line_1_20' title="bbox 186 1562 1518 1614; baseline 0 -16"><span class='ocrx_word' id='word_1_137' title='bbox 186 1573 279 1599; x_wconf 87' lang='grc'>011111</span> <span class='ocrx_word' id='word_1_138' title='bbox 299 1562 482 1600; x_wconf 75' lang='lat' dir='ltr'>exercitu</span> <span class='ocrx_word' id='word_1_139' title='bbox 509 1563 769 1601; x_wconf 84' lang='lat' dir='ltr'>Britanniam</span> <span class='ocrx_word' id='word_1_140' title='bbox 798 1564 1021 1612; x_wconf 88' lang='lat' dir='ltr'>ingressus,</span> <span class='ocrx_word' id='word_1_141' title='bbox 1044 1576 1291 1613; x_wconf 79' lang='lat' dir='ltr'>quamquam</span> <span class='ocrx_word' id='word_1_142' title='bbox 1322 1577 1518 1614; x_wconf 86' lang='lat' dir='ltr'>prospera</span> 
     </span>
     <span class='ocr_line' id='line_1_21' title="bbox 186 1633 1516 1683; baseline 0.002 -15"><span class='ocrx_word' id='word_1_143' title='bbox 186 1643 325 1681; x_wconf 86' lang='lat' dir='ltr'>pugna</span> <span class='ocrx_word' id='word_1_144' title='bbox 343 1633 536 1670; x_wconf 88' lang='lat' dir='ltr'>terruerit</span> <span class='ocrx_word' id='word_1_145' title='bbox 566 1633 720 1671; x_wconf 78' lang='lat' dir='ltr'>incolas</span> <span class='ocrx_word' id='word_1_146' title='bbox 743 1645 787 1671; x_wconf 88' lang='lat' dir='ltr'>ac</span> <span class='ocrx_word' id='word_1_147' title='bbox 808 1633 928 1671; x_wconf 83' lang='lat' dir='ltr'>litore</span> <span class='ocrx_word' id='word_1_148' title='bbox 959 1633 1115 1683; x_wconf 84' lang='lat' dir='ltr'>potitus</span> <span class='ocrx_word' id='word_1_149' title='bbox 1138 1634 1203 1681; x_wconf 87' lang='lat' dir='ltr'>sit,</span> <span class='ocrx_word' id='word_1_150' title='bbox 1227 1638 1363 1683; x_wconf 83' lang='lat' dir='ltr'>potest</span> <span class='ocrx_word' id='word_1_151' title='bbox 1384 1634 1516 1672; x_wconf 86' lang='lat' dir='ltr'>videri</span> 
     </span>
     <span class='ocr_line' id='line_1_22' title="bbox 185 1702 1572 1752; baseline 0 -14"><span class='ocrx_word' id='word_1_152' title='bbox 185 1702 413 1740; x_wconf 85' lang='lat' dir='ltr'>ostendisse</span> <span class='ocrx_word' id='word_1_153' title='bbox 434 1703 623 1752; x_wconf 84' lang='lat' dir='ltr'>posteris,</span> <span class='ocrx_word' id='word_1_154' title='bbox 646 1716 727 1740; x_wconf 88' lang='lat' dir='ltr'>non</span> <span class='ocrx_word' id='word_1_155' title='bbox 747 1704 979 1742; x_wconf 87' lang='lat' dir='ltr'>tradidisse.</span> <span class='ocrx_word' id='word_1_156' title='bbox 1040 1704 1139 1741; x_wconf 79' lang='lat' dir='ltr'>Mox</span> <span class='ocrx_word' id='word_1_157' title='bbox 1170 1703 1278 1741; x_wconf 88' lang='lat' dir='ltr'>bella</span> <span class='ocrx_word' id='word_1_158' title='bbox 1307 1704 1446 1742; x_wconf 69' lang='lat' dir='ltr'>civilia</span> <span class='ocrx_word' id='word_1_159' title='bbox 1476 1709 1517 1741; x_wconf 85' lang='lat' dir='ltr'>et</span> <span class='ocrx_word' id='word_1_160' title='bbox 1534 1710 1572 1738; x_wconf 86' lang='lat'>20</span> 
     </span>
     <span class='ocr_line' id='line_1_23' title="bbox 185 1759 1515 1823; baseline 0.002 -15"><span class='ocrx_word' id='word_1_161' title='bbox 185 1771 229 1808; x_wconf 88' lang='lat' dir='ltr'>in</span> <span class='ocrx_word' id='word_1_162' title='bbox 249 1784 334 1809; x_wconf 78' lang='lat' dir='ltr'>reni</span> <span class='ocrx_word' id='word_1_163' title='bbox 355 1772 563 1822; x_wconf 83' lang='lat' dir='ltr'>publicam</span> <span class='ocrx_word' id='word_1_164' title='bbox 584 1786 702 1811; x_wconf 88' lang='lat' dir='ltr'>versa</span> <span class='ocrx_word' id='word_1_165' title='bbox 730 1759 971 1823; x_wconf 79' lang='lat' dir='ltr'>principum</span> <span class='ocrx_word' id='word_1_166' title='bbox 996 1786 1120 1821; x_wconf 86' lang='lat' dir='ltr'>arma,</span> <span class='ocrx_word' id='word_1_167' title='bbox 1144 1786 1188 1811; x_wconf 82' lang='grc'>30</span> <span class='ocrx_word' id='word_1_168' title='bbox 1210 1773 1333 1821; x_wconf 84' lang='lat' dir='ltr'>longa</span> <span class='ocrx_word' id='word_1_169' title='bbox 1362 1773 1515 1811; x_wconf 81' lang='lat' dir='ltr'>oblivio</span> 
     </span>
     <span class='ocr_line' id='line_1_24' title="bbox 185 1842 1514 1893; baseline 0.002 -15"><span class='ocrx_word' id='word_1_170' title='bbox 185 1842 425 1880; x_wconf 87' lang='lat' dir='ltr'>Britanniae</span> <span class='ocrx_word' id='word_1_171' title='bbox 448 1843 571 1880; x_wconf 89' lang='lat' dir='ltr'>etiam</span> <span class='ocrx_word' id='word_1_172' title='bbox 593 1843 636 1880; x_wconf 86' lang='lat' dir='ltr'>in</span> <span class='ocrx_word' id='word_1_173' title='bbox 660 1855 780 1893; x_wconf 68' lang='lat' dir='ltr'>pacee</span> <span class='ocrx_word' id='word_1_174' title='bbox 812 1843 1032 1881; x_wconf 84' lang='lat' dir='ltr'>consilium</span> <span class='ocrx_word' id='word_1_175' title='bbox 1063 1844 1106 1880; x_wconf 91' lang='lat' dir='ltr'>id</span> <span class='ocrx_word' id='word_1_176' title='bbox 1136 1843 1268 1881; x_wconf 83' lang='lat' dir='ltr'>Divus</span> <span class='ocrx_word' id='word_1_177' title='bbox 1299 1844 1514 1891; x_wconf 83' lang='lat' dir='ltr'>Augustus</span> 
     </span>
     <span class='ocr_line' id='line_1_25' title="bbox 183 1912 1510 1963; baseline 0.001 -15"><span class='ocrx_word' id='word_1_178' title='bbox 183 1912 368 1959; x_wconf 81' lang='lat' dir='ltr'>vocabat,</span> <span class='ocrx_word' id='word_1_179' title='bbox 390 1913 580 1950; x_wconf 79' lang='lat' dir='ltr'>Tiberius</span> <span class='ocrx_word' id='word_1_180' title='bbox 604 1917 880 1963; x_wconf 84' lang='lat' dir='ltr'>praeceptum.</span> <span class='ocrx_word' id='word_1_181' title='bbox 914 1913 1109 1961; x_wconf 81' lang='lat' dir='ltr'>Agitasse</span> <span class='ocrx_word' id='word_1_182' title='bbox 1127 1913 1277 1951; x_wconf 86' lang='lat' dir='ltr'>Gaium</span> <span class='ocrx_word' id='word_1_183' title='bbox 1296 1913 1510 1951; x_wconf 85' lang='lat' dir='ltr'>Caesarem</span> 
     </span>
     <span class='ocr_line' id='line_1_26' title="bbox 183 1981 1514 2029; baseline -0.001 -10"><span class='ocrx_word' id='word_1_184' title='bbox 183 1982 233 2019; x_wconf 90' lang='lat' dir='ltr'>de</span> <span class='ocrx_word' id='word_1_185' title='bbox 271 1982 467 2020; x_wconf 86' lang='lat' dir='ltr'>intranda</span> <span class='ocrx_word' id='word_1_186' title='bbox 503 1983 724 2021; x_wconf 86' lang='lat' dir='ltr'>Britannia</span> <span class='ocrx_word' id='word_1_187' title='bbox 762 1983 863 2021; x_wconf 85' lang='lat' dir='ltr'>satis</span> <span class='ocrx_word' id='word_1_188' title='bbox 902 1986 1075 2029; x_wconf 83' lang='lat' dir='ltr'>constat,</span> <span class='ocrx_word' id='word_1_189' title='bbox 1111 1982 1154 2018; x_wconf 89' lang='lat' dir='ltr'>ni</span> <span class='ocrx_word' id='word_1_190' title='bbox 1187 1981 1308 2018; x_wconf 79' lang='lat' dir='ltr'>velox</span> <span class='ocrx_word' id='word_1_191' title='bbox 1347 1981 1514 2029; x_wconf 88' lang='lat' dir='ltr'>ingenio</span> 
     </span>
     <span class='ocr_line' id='line_1_27' title="bbox 182 2051 1570 2102; baseline -0.001 -14"><span class='ocrx_word' id='word_1_192' title='bbox 182 2051 325 2090; x_wconf 87' lang='lat' dir='ltr'>mobili</span> <span class='ocrx_word' id='word_1_193' title='bbox 371 2053 651 2102; x_wconf 86' lang='lat' dir='ltr'>paenitentiae</span> <span class='ocrx_word' id='word_1_194' title='bbox 691 2056 731 2090; x_wconf 84' lang='lat' dir='ltr'>et</span> <span class='ocrx_word' id='word_1_195' title='bbox 769 2052 957 2101; x_wconf 79' lang='lat' dir='ltr'>ingentes</span> <span class='ocrx_word' id='word_1_196' title='bbox 1006 2052 1200 2090; x_wconf 84' lang='lat' dir='ltr'>adversus</span> <span class='ocrx_word' id='word_1_197' title='bbox 1250 2051 1514 2089; x_wconf 86' lang='lat' dir='ltr'>Germaniam</span> <span class='ocrx_word' id='word_1_198' title='bbox 1532 2057 1570 2086; x_wconf 85' lang='lat'>25</span> 
     </span>
     <span class='ocr_line' id='line_1_28' title="bbox 182 2120 1513 2160; baseline 0 -2"><span class='ocrx_word' id='word_1_199' title='bbox 182 2125 353 2159; x_wconf 84' lang='lat' dir='ltr'>conatus</span> <span class='ocrx_word' id='word_1_200' title='bbox 379 2122 537 2160; x_wconf 84' lang='lat' dir='ltr'>frustra</span> <span class='ocrx_word' id='word_1_201' title='bbox 557 2122 747 2160; x_wconf 84' lang='lat' dir='ltr'>fuissent.</span> <span class='ocrx_word' id='word_1_202' title='bbox 807 2122 938 2159; x_wconf 82' lang='lat' dir='ltr'>Divus</span> <span class='ocrx_word' id='word_1_203' title='bbox 969 2121 1167 2160; x_wconf 80' lang='lat' dir='ltr'>Claudius</span> <span class='ocrx_word' id='word_1_204' title='bbox 1198 2125 1339 2158; x_wconf 84' lang='lat' dir='ltr'>auctor</span> <span class='ocrx_word' id='word_1_205' title='bbox 1373 2120 1513 2158; x_wconf 84' lang='lat' dir='ltr'>iterati</span> 
     </span>
     <span class='ocr_line' id='line_1_29' title="bbox 182 2191 1513 2241; baseline -0.002 -12"><span class='ocrx_word' id='word_1_206' title='bbox 182 2192 328 2241; x_wconf 82' lang='lat' dir='ltr'>operis,</span> <span class='ocrx_word' id='word_1_207' title='bbox 350 2192 599 2231; x_wconf 78' lang='lat' dir='ltr'>transvectis</span> <span class='ocrx_word' id='word_1_208' title='bbox 620 2192 853 2241; x_wconf 88' lang='lat' dir='ltr'>legionibus</span> <span class='ocrx_word' id='word_1_209' title='bbox 876 2191 1125 2241; x_wconf 79' lang='lat' dir='ltr'>auxiliisque</span> <span class='ocrx_word' id='word_1_210' title='bbox 1151 2197 1192 2228; x_wconf 82' lang='lat' dir='ltr'>et</span> <span class='ocrx_word' id='word_1_211' title='bbox 1221 2191 1440 2240; x_wconf 86' lang='lat' dir='ltr'>adsumpto</span> <span class='ocrx_word' id='word_1_212' title='bbox 1468 2191 1513 2227; x_wconf 90' lang='lat' dir='ltr'>in</span> 
     </span>
     <span class='ocr_line' id='line_1_30' title="bbox 181 2261 1512 2311; baseline -0.001 -13"><span class='ocrx_word' id='word_1_213' title='bbox 181 2265 340 2310; x_wconf 84' lang='lat' dir='ltr'>partem</span> <span class='ocrx_word' id='word_1_214' title='bbox 374 2274 510 2299; x_wconf 85' lang='lat' dir='ltr'>rerum</span> <span class='ocrx_word' id='word_1_215' title='bbox 543 2262 812 2311; x_wconf 86' lang='lat' dir='ltr'>Vespasiano,</span> <span class='ocrx_word' id='word_1_216' title='bbox 841 2261 950 2311; x_wconf 84' lang='lat' dir='ltr'>quod</span> <span class='ocrx_word' id='word_1_217' title='bbox 991 2261 1156 2298; x_wconf 85' lang='lat' dir='ltr'>initium</span> <span class='ocrx_word' id='word_1_218' title='bbox 1187 2264 1385 2298; x_wconf 74' lang='lat' dir='ltr'>venturae</span> <span class='ocrx_word' id='word_1_219' title='bbox 1419 2273 1512 2298; x_wconf 81' lang='lat' dir='ltr'>mox</span> 
     </span>
     <span class='ocr_line' id='line_1_31' title="bbox 180 2331 1511 2380; baseline 0 -12"><span class='ocrx_word' id='word_1_220' title='bbox 180 2331 372 2369; x_wconf 83' lang='lat' dir='ltr'>fortunae</span> <span class='ocrx_word' id='word_1_221' title='bbox 401 2331 504 2369; x_wconf 83' lang='lat' dir='ltr'>fuit:</span> <span class='ocrx_word' id='word_1_222' title='bbox 537 2332 715 2370; x_wconf 86' lang='lat' dir='ltr'>domitae</span> <span class='ocrx_word' id='word_1_223' title='bbox 746 2335 901 2380; x_wconf 81' lang='lat' dir='ltr'>gentes,</span> <span class='ocrx_word' id='word_1_224' title='bbox 924 2331 1035 2380; x_wconf 86' lang='lat' dir='ltr'>capti</span> <span class='ocrx_word' id='word_1_225' title='bbox 1056 2342 1171 2378; x_wconf 89' lang='lat' dir='ltr'>reges</span> <span class='ocrx_word' id='word_1_226' title='bbox 1193 2334 1233 2367; x_wconf 86' lang='lat' dir='ltr'>et</span> <span class='ocrx_word' id='word_1_227' title='bbox 1259 2333 1511 2368; x_wconf 86' lang='lat' dir='ltr'>monstratus</span> 
     </span>
     <span class='ocr_line' id='line_1_32' title="bbox 180 2400 1569 2450; baseline 0.001 -13"><span class='ocrx_word' id='word_1_228' title='bbox 180 2400 280 2438; x_wconf 79' lang='lat' dir='ltr'>fatis</span> <span class='ocrx_word' id='word_1_229' title='bbox 301 2401 591 2450; x_wconf 84' lang='lat' dir='ltr'>Vespasianus.</span> <span class='ocrx_word' id='word_1_230' title='bbox 1531 2408 1569 2435; x_wconf 88' lang='grc'>30</span> 
     </span>
    </p>
   </div>
  </div>
 </body>
</html>
