1747 2764
175 142 228 183 50
595 150 630 181 r.
668 151 898 182 ooRNELn
929 151 1094 184 'rAcrri

729 267 799 299 The
826 267 972 300 Chauci.

228 342 291 381 35.
338 343 548 381 Hactenus
576 343 620 380 in
647 344 901 382 occidentem
928 345 1193 383 Germaniam
1226 345 1439 393 novimus3
1471 345 1513 382 in

177 412 501 463 septentrionem
526 413 686 461 ingenti
731 412 842 450 flexu
887 413 1005 450 redit.
1094 413 1154 451 Ac
1199 413 1332 463 primo
1377 414 1519 452 statim

177 483 435 521 Chaucorum
463 496 575 531 gens,
598 496 849 533 quamquam
877 483 1052 534 incipiat
1073 496 1097 522 a
1116 483 1264 522 Frisiis
1287 496 1332 522 ac
1354 488 1514 534 partem

177 552 311 591 litoris
342 557 525 602 occupet,
548 553 733 590 omnium
760 566 863 603 quas
894 553 1066 603 exposui
1097 554 1283 603 gentium
1314 553 1513 592 lateribus

140 627 157 654 5
177 623 429 670 obtenditur,
457 623 585 661 donec
616 623 660 660 in
689 623 865 663 Chattos
898 636 1029 674 usque
1066 624 1264 662 sinuetur.
1324 624 1425 661 Tam
1458 623 1515 661 in-

177 706 365 731 mensum
399 697 603 731 terrarum
639 693 821 743 spatium
850 706 933 731 non
962 698 1109 732 tenent
1142 697 1306 732 tantum
1343 693 1511 742 Chauci,

178 763 250 801 sed
284 767 325 801 et
354 763 543 813 implent,
579 763 758 814 populus
796 764 906 802 inter
946 764 1176 802 Germanos
1216 763 1513 811 nobilissimus,
1561 776 1563 779 ’

178 834 333 884 quique
368 834 699 882 magnitudinem
735 846 851 872 suam
886 834 1006 872 malit
1041 834 1206 872 iustitia
1239 834 1358 872 tueri.
1418 834 1515 872 Sine

178 903 420 954 cupiditate,
452 904 540 942 sine
570 904 830 954 impotentia,
862 904 994 954 quieti
1022 904 1252 954 secretique
1283 904 1399 942 nulla
1428 916 1516 954 pro-

124 981 160 1009 10
178 978 327 1012 vocant
356 974 477 1018 bella,
510 973 638 1012 11111115
668 974 857 1024 raptibus
887 979 959 1012 aut
988 974 1219 1012 latrociniis
1250 974 1513 1024 populantur.

179 1044 230 1082 Id
250 1044 515 1094 praecipuum
538 1044 710 1082 virtutis
733 1056 778 1082 ac
802 1044 955 1082 virium
981 1049 1268 1093 argumentum
1296 1048 1370 1092 est,
1393 1044 1514 1094 quod,

178 1118 225 1152 ut
269 1114 500 1164 superiores
549 1118 687 1163 agant,
729 1127 811 1151 non
854 1127 927 1164 per
979 1114 1152 1153 iniurias
1205 1115 1513 1164 adsequuntur,

182 1187 376 1234 prompta
409 1187 548 1220 tamen
584 1183 774 1221 omnibus
813 1196 927 1221 arma
965 1196 1022 1225 ac,
1060 1183 1093 1220 si
1129 1195 1192 1220 res
1228 1187 1372 1232 poscat
1412 1196 1522 1221 exer-

182 1254 289 1291 citus
311 1253 585 1303 plurimorum
607 1253 788 1290 virorum
812 1265 1091 1302 equorumque
1109 1267 1116 1299 3
1149 1256 1190 1289 et
1210 1252 1521 1302 quiescentibus

130 1332 165 1360 15
185 1321 329 1359 eadem
359 1321 481 1358 fama.

402 1379 405 1381 ,
619 1390 690 1422 lee
716 1390 885 1422 Cherusci
909 1391 982 1422 (md
1008 1391 1100 1422 Fosi.

239 1473 302 1512 36.
344 1474 396 1511 In
448 1473 576 1511 latere
630 1473 889 1512 Chaucorum
943 1473 1271 1523 Chattorumque
1324 1472 1522 1512 Cherusci

185 1544 356 1582 nimiam
386 1556 431 1581 ac
459 1547 711 1581 marcentem
740 1543 810 1581 diu
835 1555 977 1593 pacem
1006 1543 1236 1581 inlacessiti
1264 1543 1520 1581 nutrierunt:

186 1614 312 1664 idque
339 1614 559 1652 iucundius
588 1626 712 1663 quam
739 1613 872 1651 tutius
902 1613 995 1661 fuit,
1018 1613 1116 1663 quia
1141 1613 1249 1650 inter
1270 1613 1523 1663 impotentes

186 1688 228 1722 et
248 1684 409 1722 validos
434 1684 542 1722 falso
570 1684 782 1734 quiescas:
817 1683 888 1721 ubi
916 1696 1041 1721 manu
1069 1683 1218 1731 agitur,
1245 1683 1450 1721 modestia
1478 1695 1523 1721 ac

130 1763 168 1791 20
186 1754 370 1804 probitas
411 1754 580 1791 nomina
621 1753 847 1804 superioris
885 1757 992 1791 sunt.
1070 1754 1138 1791 Ita
1177 1752 1248 1802 qui
1288 1752 1384 1790 011111
1427 1753 1523 1790 110111

187 1825 390 1875 aequique
439 1824 649 1871 Cherusci,
694 1836 802 1861 nunc
845 1824 1000 1861 inertes
1044 1836 1090 1861 ac
1134 1823 1253 1861 stulti
1300 1827 1520 1861 vocantur:

188 1895 353 1933 Chattis
377 1894 605 1932 victoribus
634 1895 805 1932 fortuna
834 1894 877 1931 in
907 1893 1155 1943 sapientiam
1186 1893 1321 1931 cessit.
1383 1892 1521 1931 Tracti

188 1965 308 2002 ruina
329 1965 629 2003 Cheruscorum
650 1968 692 2002 et
712 1956 822 2009 Fosi,
844 1963 1101 2001 contermina
1121 1976 1232 2012 gens,
1255 1963 1522 2001 adversarum

188 2048 323 2073 rerum
363 2047 413 2073 ex
447 2047 579 2085 aequo
614 2034 714 2073 socii
754 2038 862 2081 sunt,
902 2046 995 2072 cum
1029 2033 1073 2071 in
1112 2033 1304 2072 secundis
1344 2033 1522 2071 minores

131 2116 169 2145 25
188 2105 380 2144 fuissent.

295 2213 364 2244 The
388 2212 533 2244 Cimbri.
585 2212 726 2244 Roman
753 2211 972 2251 Campaisms
996 2212 1139 2251 agmins&
1163 2211 1218 2242 the
1241 2210 1424 2242 Germans.

243 2295 306 2334 37.
347 2295 535 2333 Eundem
559 2294 806 2333 Germaniae
828 2294 963 2332 sinum
985 2293 1166 2343 proximi
1188 2293 1351 2331 Oceano
1367 2292 1523 2331 Cimbri

190 2370 345 2407 tenent,
376 2378 504 2415 parva
533 2377 641 2402 nunc
673 2364 834 2412 civitas,
866 2363 937 2401 sed
969 2362 1101 2412 gloria
1130 2363 1287 2411 ingens.
1346 2362 1524 2400 Veteris-

191 2448 269 2486 que
300 2436 435 2473 famae
466 2435 551 2472 lata
578 2434 756 2482 vestigia
784 2437 966 2480 manent,
992 2436 1167 2483 utraque
1197 2432 1288 2482 ripa
1316 2437 1451 2470 castra
1479 2444 1523 2469 ac
