1747 2764
185 140 239 181 18
605 145 643 176 r.
673 144 903 176 CORNELII
935 144 1102 176 'rAffl'ri

186 265 408 309 armarent,
434 261 630 309 coniuges
661 273 706 298 ac
737 261 888 299 liberos
919 260 963 298 in
992 260 1082 298 loca
1109 264 1204 298 tuta
1237 261 1525 308 transferrent,

186 332 371 370 coetibus
394 344 439 369 ac
461 331 674 369 sacrificiis
696 331 1046 381 conspirationem
1067 330 1286 369 civitatum
1307 330 1525 369 sancirent.

188 402 326 452 Atque
356 402 417 440 ita
445 401 629 439 inritatis
659 401 868 451 utrimque
896 401 1045 440 animis
1071 401 1309 440 discessum.

513 523 714 554 Adventare
740 523 856 563 osche
891 524 1036 563 Usipimz
1063 523 1204 555 Cohort.

243 611 306 650 28.
338 612 496 650 Eadem
534 615 691 649 aestate
734 611 877 649 cohors
919 611 1145 661 Usiporum
1180 623 1252 661 per
1283 611 1529 649 Germanias

152 694 170 721 5
189 682 423 732 conscripta
443 686 484 719 et
504 682 547 719 in
569 681 831 719 Britanniam
856 681 1103 720 transmissa
1126 694 1321 731 magnum
1343 694 1388 719 ac
1409 693 1531 718 mem-

191 753 345 791 orabile
367 753 530 791 facinus
552 765 652 790 ausa
672 756 744 790 est.
805 752 950 790 Occiso
979 751 1219 790 centurione
1249 764 1295 789 ac
1324 751 1530 790 militibus

192 824 263 874 qui
294 824 346 862 ad
376 823 620 861 tradendam
651 823 916 872 disciplinam
947 822 1114 860 inmixti
1142 822 1369 873 manipulis
1400 834 1531 859 exem-

192 894 307 944 plum
330 898 371 932 et
397 898 576 932 rectores
607 893 877 941 habebantur,
909 893 985 931 tris
1016 893 1240 931 liburnicas
1271 892 1428 931 adactis
1458 904 1531 942 per

191 965 277 1002 vim
312 964 657 1014 gubernatoribus
688 964 931 1011 ascendere,
963 968 1005 1001 et
1034 977 1115 1001 uno
1145 968 1254 1001 retro
1288 963 1530 1011 remigante,

138 1048 174 1076 10
193 1035 397 1086 suspectis
448 1035 607 1073 duobus
659 1047 787 1084 eoque
835 1034 1081 1082 interfectis,
1130 1034 1313 1071 nondum
1362 1032 1531 1081 vulgato

193 1119 354 1145 rumore
388 1111 434 1144 ut
466 1105 711 1143 miraculum
742 1104 1111 1156 praevehebantur.
1171 1105 1271 1142 Mox
1301 1104 1352 1142 ad
1382 1116 1532 1153 aquan-

193 1179 291 1215 dum
312 1182 436 1226 atque
456 1176 581 1214 utilia
601 1180 766 1225 raptum
788 1176 943 1223 egressi
964 1179 1005 1213 et
1025 1188 1118 1212 cum
1139 1174 1350 1225 plerisque
1373 1173 1533 1211 Britan-

193 1261 338 1285 norum
387 1260 462 1285 sua
508 1246 819 1284 defensantium
868 1245 1025 1295 proelio
1072 1245 1281 1293 congressi
1323 1257 1368 1282 ac
1410 1257 1531 1294 saepe

193 1319 382 1363 victores,
406 1317 630 1367 aliquando
651 1316 773 1366 pulsi,
792 1329 838 1354 eo
860 1316 911 1354 ad
933 1319 1163 1353 extremum
1185 1315 1349 1365 inopiae
1372 1327 1531 1363 venere,

138 1399 173 1427 15
192 1394 238 1427 ut
267 1388 574 1426 infirmissimos
605 1400 785 1428 suorum,
816 1399 909 1424 111οΧ
941 1390 1049 1424 sorte
1080 1386 1224 1424 ductos
1254 1388 1529 1423 vescerentur.

194 1460 332 1509 Atque
350 1459 407 1497 ita
433 1457 699 1496 circumvecti
730 1456 1005 1503 Britanniam,
1028 1456 1194 1494 amissis
1224 1468 1296 1506 per
1325 1455 1534 1494 inscitiam

194 1530 363 1579 regendi
411 1529 599 1575 navibus,
639 1540 714 1577 pro
761 1527 1039 1577 praedonibus
1088 1526 1234 1574 habiti,
1283 1526 1463 1576 primum
1511 1538 1535 1563 a

196 1600 352 1648 Suebis,
375 1612 470 1637 mox
491 1612 514 1636 a
534 1598 682 1636 Frisiis
703 1597 924 1647 intercepti
947 1601 1054 1635 sunt.
1115 1597 1175 1634 Ac
1196 1597 1312 1634 fuere
1334 1609 1435 1646 quos
1460 1608 1533 1646 per

195 1669 427 1708 conmercia
448 1668 720 1706 venumdatos
741 1672 783 1706 et
808 1668 852 1705 in
876 1672 1060 1705 nostram
1081 1679 1211 1716 usque
1242 1666 1375 1717 ripam
1404 1670 1534 1704 muta-

138 1751 175 1779 20
193 1740 306 1778 tione
327 1739 554 1777 ementium
575 1738 774 1776 adductos
796 1738 997 1775 indicium
1019 1737 1126 1776 tanti
1143 1750 1262 1776 casus
1279 1736 1530 1775 inlustravit.

591 1860 716 1892 Revolt
743 1860 784 1900 of
801 1860 857 1891 the
889 1859 1139 1892 Caledoniam.

249 1949 311 1988 29.
354 1949 482 1987 Initio
517 1949 690 1987 aestatis
730 1948 923 1998 Agricola
957 1947 1182 1985 domestico
1212 1947 1382 1984 vulnere
1413 1946 1531 1995 ictus,

195 2033 302 2058 anno
329 2024 425 2058 ante
454 2023 596 2057 natum
623 2019 757 2056 filium
788 2018 939 2057 amisit.
999 2018 1129 2063 Quem
1161 2030 1298 2056 casum
1329 2029 1463 2066 neque
1487 2020 1534 2054 ut

195 2090 382 2140 plerique
413 2090 585 2127 fortium
616 2089 800 2127 virorum
830 2089 1060 2136 ambitiose,
1082 2099 1215 2138 neque
1246 2099 1318 2137 per
1351 2086 1535 2125 lamenta

194 2173 336 2198 rursus
367 2173 412 2198 ac
442 2172 668 2197 maerorem
684 2159 943 2197 muliebriter
960 2158 1071 2203 tulit,
1090 2158 1162 2196 sed
1178 2157 1221 2195 in
1242 2157 1356 2195 luctu
1376 2156 1533 2195 bellum

137 2242 174 2269 25
194 2231 303 2268 inter
334 2231 517 2268 remedia
540 2234 638 2268 erat.
700 2230 836 2279 Igitur
862 2229 1091 2279 praemissa
1117 2228 1248 2266 classe
1276 2239 1380 2277 quae
1408 2226 1533 2277 pluri-

194 2301 269 2339 bus
294 2301 394 2338 locis
419 2300 617 2350 praedata
637 2312 830 2348 magnum
854 2303 894 2336 et
919 2299 1122 2336 incertum
1143 2302 1342 2335 terrorem
1364 2297 1530 2344 faceret,

194 2371 390 2421 expedito
420 2370 616 2417 exercitu,
639 2370 703 2407 cui
734 2382 783 2407 ex
816 2369 1028 2407 Britannis
1059 2368 1309 2406 fortissimos
1341 2370 1382 2405 et
1410 2366 1534 2415 longa

194 2454 292 2491 pace
310 2441 547 2491 exploratos
565 2441 793 2487 addiderat,
812 2440 863 2477 ad
881 2443 1062 2476 montem
1081 2438 1311 2488 Graupium
1328 2437 1529 2487 pervenit,
