1747 2764
207 131 262 172 24
628 139 664 169 P.
702 137 933 169 ooRNELn
966 136 1131 169 TACITI

206 257 280 301 est,
306 258 352 291 ut
380 266 464 291 rem
497 253 548 290 ad
578 265 792 291 mucrones
818 265 863 290 ac
891 265 1038 291 manus
1066 252 1340 301 adducerent3
1372 252 1482 303 quod
1509 257 1549 291 et

205 325 308 374 ipsis
331 328 540 362 vetustate
570 323 745 361 militiae
774 323 1045 361 exercitatum
1074 327 1115 361 et
1141 323 1331 361 hostibus
1352 323 1548 371 inhabile,

205 407 336 445 parva
356 398 473 432 scuta
490 398 531 431 et
548 393 727 432 enormis
754 393 913 442 gladios
932 393 1194 442 gerentibus;
1216 405 1313 431 nam
1330 393 1549 431 Britanno-

205 479 296 502 rum
324 465 452 513 gladii
481 465 568 502 sine
597 476 790 501 mucrone
812 464 1073 514 complexum
1094 476 1301 502 armorum
1326 467 1368 502 et
1391 463 1434 501 in
1459 467 1549 502 arto

167 544 184 571 5
205 547 386 585 pugnam
414 548 496 572 non
520 534 765 572 tolerabant.
837 534 973 583 Igitur
992 537 1040 572 ut
1060 534 1210 572 Batavi
1231 534 1405 573 miscere
1426 533 1547 583 ictus,

204 606 330 643 ferire
369 605 630 649 umbonibus,
667 618 738 642 ora
777 605 930 649 fodere,
966 609 1008 642 et
1047 604 1190 643 stratis
1231 604 1303 654 qui
1334 604 1380 642 in
1418 616 1550 654 aequo

205 676 469 723 adstiterant,
492 675 649 723 erigere
684 675 727 712 in
759 674 878 712 collis
917 674 1047 712 aciem
1082 687 1264 725 coepere,
1296 678 1455 712 ceterae
1489 687 1549 712 00-

205 747 345 784 hortes
366 746 643 784 aemulatione
673 750 713 782 et
743 745 902 794 impetu
929 745 1093 783 conisae
1124 745 1334 795 proximos
1364 756 1549 795 quosque

205 818 396 856 caedere:
439 830 484 854 ac
514 817 702 867 plerique
733 816 960 854 semineces
991 820 1063 853 aut
1092 815 1244 864 integri
1274 815 1547 854 festinatione

148 898 185 926 10
204 888 402 926 Victoriae
434 887 788 937 relinquebantur.
858 887 1034 924 Interim
1075 886 1263 936 equitum
1297 884 1475 934 turmae,
1500 890 1547 924 ut

204 959 348 1007 fugere
370 957 613 1005 covinnarii,
631 957 818 1007 peditum
837 969 879 995 se
896 956 1054 1006 proelio
1074 956 1287 994 miscuere.
1337 957 1393 994 Et
1409 969 1548 1006 quam-

204 1041 328 1078 quam
344 1032 552 1067 recentem
568 1032 766 1065 terrorem
785 1027 1026 1073 intulerant,
1045 1026 1185 1065 densis
1201 1030 1341 1065 tamen
1362 1026 1545 1065 hostium

204 1099 440 1149 agminibus
476 1103 516 1136 et
548 1097 837 1148 inaequalibus
869 1097 971 1135 locis
1003 1096 1252 1145 haerebant3
1294 1097 1547 1147 minimeque

205 1171 374 1219 †aequa
397 1169 551 1207 nostris
573 1171 654 1206 iam
677 1180 839 1218 pugnae
865 1167 994 1205 facies
1019 1172 1119 1215 erat,
1142 1179 1234 1205 cum
1256 1168 1278 1213 †
1294 1179 1414 1217 aegre
1439 1167 1546 1206 clivo

149 1253 184 1282 15
202 1240 410 1279 instantes
446 1239 569 1278 simul
604 1251 804 1288 equorum
839 1237 1079 1288 corporibus
1118 1221 1455 1288 impelle1·entur;
1500 1249 1546 1276 ac

204 1323 326 1361 saepe
346 1310 443 1359 vagi
463 1322 619 1357 currus,
642 1308 833 1347 exterriti
856 1308 945 1346 sine
966 1307 1196 1346 rectoribus
1217 1307 1324 1358 equi,
1341 1311 1389 1345 ut
1409 1319 1546 1358 quem-

204 1394 283 1432 que
303 1381 483 1420 formido
503 1381 669 1428 tulerat,
691 1384 951 1418 transversos
973 1383 1045 1417 aut
1066 1378 1208 1417 obvios
1230 1378 1509 1417 incursabant.

257 1451 320 1491 37.
360 1453 416 1490 Et
438 1451 643 1498 Britanni,
662 1450 734 1500 qui
752 1450 886 1488 adhuc
904 1461 1066 1500 pugnae
1083 1452 1275 1499 expertes
1293 1461 1455 1488 summa
1469 1448 1548 1487 col-

202 1523 307 1561 lium
327 1523 567 1562 insederant
588 1525 629 1559 et
650 1521 902 1571 paucitatem
923 1524 1158 1559 nostrorum
1192 1519 1353 1572 [vacui]
1384 1531 1546 1569 sperne-

146 1604 185 1633 20
202 1595 316 1642 bant,
352 1592 521 1642 degredi
560 1591 762 1642 paulatim
798 1595 839 1629 et
878 1590 1095 1628 circumire
1134 1594 1251 1639 terga
1291 1589 1545 1627 vincentium

203 1667 437 1715 coeperant,
454 1663 498 1700 ni
518 1662 562 1700 id
582 1662 721 1712 ipsum
742 1661 899 1699 veritus
921 1660 1118 1710 Agricola
1137 1663 1334 1710 quattuor
1358 1659 1546 1709 equitum

204 1735 303 1783 alas,
334 1735 387 1773 ad
419 1733 558 1772 subita
596 1731 695 1770 belli
735 1735 931 1778 retentas,
966 1729 1233 1781 venientibus
1268 1730 1543 1780 opposuisset,

203 1809 443 1856 quantoque
481 1802 662 1841 ferocius
698 1801 978 1848 adcurrerant‚
1009 1803 1127 1838 tanto
1159 1800 1294 1838 acrius
1325 1799 1468 1850 pulsos
1500 1799 1544 1837 in

202 1876 347 1925 fugam
377 1873 622 1912 disiecisset.
682 1872 751 1910 Ita
779 1870 1000 1910 consilium
1032 1870 1329 1909 Britannorum
1358 1869 1402 1907 in
1431 1870 1544 1920 ipsos

147 1958 184 1987 25
201 1959 381 1993 versum,
403 1946 746 1992 transvectaeque
772 1945 992 1992 praecepto
1013 1940 1132 1979 ducis
1153 1953 1177 1978 a
1202 1941 1340 1978 fronte
1362 1953 1546 1990 pugnan-

202 2017 307 2055 tium
335 2015 425 2054 alae
456 2026 646 2053 aversam
676 2012 860 2051 hostium
890 2012 1019 2050 aciem
1050 2011 1251 2049 invasere.
1310 2012 1415 2048 Tum
1447 2023 1544 2048 vero

202 2086 442 2137 patentibus
464 2084 565 2123 locis
594 2083 748 2133 grande
770 2086 811 2120 et
831 2086 951 2120 atrox
972 2081 1275 2132 spectaculum:
1309 2080 1438 2130 sequi,
1460 2080 1546 2118 vul-

203 2169 358 2204 nerare,
381 2167 539 2206 capere,
562 2157 687 2204 atque
709 2153 873 2191 eosdem
895 2151 1046 2190 oblatis
1068 2151 1163 2189 aliis
1184 2150 1403 2188 trucidare.
1453 2151 1542 2188 Iam

202 2227 397 2274 hostium,
415 2228 538 2276 prout
559 2224 706 2274 cuique
727 2222 941 2271 ingenium
962 2225 1061 2269 erat,
1080 2225 1268 2259 catervae
1290 2224 1543 2258 armatorum

146 2311 184 2340 30
202 2296 466 2349 paucioribus
491 2299 610 2343 terga
634 2297 857 2344 praestare,
880 2292 1049 2342 quidam
1078 2291 1255 2329 inermes
1284 2291 1396 2329 ultro
1425 2303 1542 2328 ruere

202 2381 248 2407 ac
279 2380 320 2406 se
350 2366 473 2405 morti
504 2366 662 2404 offerre.
727 2363 888 2401 Passim
921 2375 1035 2401 arma
1069 2365 1110 2400 et
1138 2374 1309 2412 corpora
1343 2365 1384 2399 et
1417 2360 1543 2399 laceri

202 2442 317 2477 artus
349 2444 391 2476 et
420 2440 591 2475 cruenta
619 2435 792 2482 humus,
834 2437 875 2471 et
906 2432 1131 2483 aliquando
1165 2432 1291 2470 etiam
1326 2430 1449 2470 victis
1480 2430 1543 2468 ira
