<?xml version="1.0" encoding="UTF-8"?>
<!DOCTYPE html PUBLIC "-//W3C//DTD XHTML 1.0 Transitional//EN"
    "http://www.w3.org/TR/xhtml1/DTD/xhtml1-transitional.dtd">
<html xmlns="http://www.w3.org/1999/xhtml" xml:lang="en" lang="en">
 <head>
  <title>
</title>
<meta http-equiv="Content-Type" content="text/html;charset=utf-8" />
  <meta name='ocr-system' content='tesseract 3.04.00' />
  <meta name='ocr-capabilities' content='ocr_page ocr_carea ocr_par ocr_line ocrx_word'/>
</head>
<body>
  <div class='ocr_page' id='page_1' title='image "./devitaetmoribusj00taciuoft_0087.png"; bbox 0 0 1747 2764; ppageno 0'>
   <div class='ocr_carea' id='block_1_1' title="bbox 698 130 1494 172">
    <p class='ocr_par' dir='ltr' id='par_1_1' title="bbox 698 130 1494 172">
     <span class='ocr_line' id='line_1_1' title="bbox 698 130 1494 172; baseline -0.001 0"><span class='ocrx_word' id='word_1_1' title='bbox 698 140 956 172; x_wconf 69' lang='lat' dir='ltr'>AGizroorA.</span> <span class='ocrx_word' id='word_1_2' title='bbox 1472 130 1494 171; x_wconf 79' lang='lat'><strong>7</strong></span> 
     </span>
    </p>
   </div>
   <div class='ocr_carea' id='block_1_2' title="bbox 445 300 1214 343">
    <p class='ocr_par' dir='ltr' id='par_1_2' title="bbox 445 300 1214 343">
     <span class='ocr_line' id='line_1_2' title="bbox 445 300 1214 343; baseline -0.008 -8"><span class='ocrx_word' id='word_1_3' title='bbox 445 303 650 343; x_wconf 70' lang='lat' dir='ltr'>Geoyraphgs</span> <span class='ocrx_word' id='word_1_4' title='bbox 675 302 746 333; x_wconf 72' lang='lat' dir='ltr'>(cml</span> <span class='ocrx_word' id='word_1_5' title='bbox 771 301 974 340; x_wconf 68' lang='lat' dir='ltr'>Echnoloyy</span> <span class='ocrx_word' id='word_1_6' title='bbox 999 301 1040 339; x_wconf 80' lang='lat' dir='ltr'>of</span> <span class='ocrx_word' id='word_1_7' title='bbox 1059 300 1214 331; x_wconf 70' lang='lat' dir='ltr'>Britain.</span> 
     </span>
    </p>
   </div>
   <div class='ocr_carea' id='block_1_3' title="bbox 165 397 1562 2395">
    <p class='ocr_par' dir='ltr' id='par_1_3' title="bbox 165 397 1562 2395">
     <span class='ocr_line' id='line_1_3' title="bbox 219 397 1495 450; baseline -0.007 -8"><span class='ocrx_word' id='word_1_8' title='bbox 219 403 279 442; x_wconf 92' lang='lat'>10.</span> <span class='ocrx_word' id='word_1_9' title='bbox 322 402 563 441; x_wconf 75' lang='lat' dir='ltr'>Britanniae</span> <span class='ocrx_word' id='word_1_10' title='bbox 597 401 721 439; x_wconf 89' lang='lat' dir='ltr'>situm</span> <span class='ocrx_word' id='word_1_11' title='bbox 755 400 1011 450; x_wconf 87' lang='lat' dir='ltr'>populosque</span> <span class='ocrx_word' id='word_1_12' title='bbox 1047 398 1190 436; x_wconf 83' lang='lat' dir='ltr'>multis</span> <span class='ocrx_word' id='word_1_13' title='bbox 1227 397 1495 447; x_wconf 68' lang='lat' dir='ltr'>scriptoribus</span> 
     </span>
     <span class='ocr_line' id='line_1_4' title="bbox 165 467 1497 520; baseline -0.007 -8"><span class='ocrx_word' id='word_1_14' title='bbox 165 476 410 512; x_wconf 87' lang='lat' dir='ltr'>memoratos</span> <span class='ocrx_word' id='word_1_15' title='bbox 442 484 523 509; x_wconf 89' lang='lat' dir='ltr'>non</span> <span class='ocrx_word' id='word_1_16' title='bbox 556 471 599 509; x_wconf 93' lang='lat' dir='ltr'>in</span> <span class='ocrx_word' id='word_1_17' title='bbox 630 469 979 520; x_wconf 70' lang='lat' dir='ltr'>comparationem</span> <span class='ocrx_word' id='word_1_18' title='bbox 1009 480 1128 506; x_wconf 88' lang='lat' dir='ltr'>curae</span> <span class='ocrx_word' id='word_1_19' title='bbox 1154 467 1364 516; x_wconf 78' lang='lat' dir='ltr'>ingeniive</span> <span class='ocrx_word' id='word_1_20' title='bbox 1396 467 1497 504; x_wconf 79' lang='lat' dir='ltr'>refe-</span> 
     </span>
     <span class='ocr_line' id='line_1_5' title="bbox 165 537 1496 592; baseline -0.007 -10"><span class='ocrx_word' id='word_1_21' title='bbox 165 556 264 592; x_wconf 87' lang='lat' dir='ltr'>ram,</span> <span class='ocrx_word' id='word_1_22' title='bbox 301 543 371 581; x_wconf 88' lang='lat' dir='ltr'>sed</span> <span class='ocrx_word' id='word_1_23' title='bbox 410 542 508 592; x_wconf 88' lang='lat' dir='ltr'>quia</span> <span class='ocrx_word' id='word_1_24' title='bbox 545 545 634 579; x_wconf 88' lang='lat' dir='ltr'>tum</span> <span class='ocrx_word' id='word_1_25' title='bbox 674 540 853 590; x_wconf 88' lang='lat' dir='ltr'>primum</span> <span class='ocrx_word' id='word_1_26' title='bbox 892 538 1126 589; x_wconf 88' lang='lat' dir='ltr'>perdomita</span> <span class='ocrx_word' id='word_1_27' title='bbox 1163 541 1247 575; x_wconf 89' lang='lat' dir='ltr'>est:</span> <span class='ocrx_word' id='word_1_28' title='bbox 1296 537 1356 574; x_wconf 87' lang='lat' dir='ltr'>ita</span> <span class='ocrx_word' id='word_1_29' title='bbox 1393 549 1496 586; x_wconf 86' lang='lat' dir='ltr'>quae</span> 
     </span>
     <span class='ocr_line' id='line_1_6' title="bbox 165 607 1497 664; baseline -0.006 -13"><span class='ocrx_word' id='word_1_30' title='bbox 165 614 320 664; x_wconf 78' lang='lat' dir='ltr'>priores</span> <span class='ocrx_word' id='word_1_31' title='bbox 355 612 537 650; x_wconf 91' lang='lat' dir='ltr'>nondum</span> <span class='ocrx_word' id='word_1_32' title='bbox 572 614 783 661; x_wconf 87' lang='lat' dir='ltr'>comperta</span> <span class='ocrx_word' id='word_1_33' title='bbox 814 608 1051 659; x_wconf 74' lang='lat' dir='ltr'>eloquentia</span> <span class='ocrx_word' id='word_1_34' title='bbox 1081 607 1329 657; x_wconf 71' lang='lat' dir='ltr'>percoluere,</span> <span class='ocrx_word' id='word_1_35' title='bbox 1362 619 1497 644; x_wconf 88' lang='lat' dir='ltr'>rerum</span> 
     </span>
     <span class='ocr_line' id='line_1_7' title="bbox 165 676 1535 728; baseline -0.006 -7"><span class='ocrx_word' id='word_1_36' title='bbox 165 683 245 721; x_wconf 86' lang='lat' dir='ltr'>fide</span> <span class='ocrx_word' id='word_1_37' title='bbox 262 683 488 721; x_wconf 89' lang='lat' dir='ltr'>tradentur.</span> <span class='ocrx_word' id='word_1_38' title='bbox 534 680 764 728; x_wconf 80' lang='lat' dir='ltr'>Britannia,</span> <span class='ocrx_word' id='word_1_39' title='bbox 783 679 1011 717; x_wconf 88' lang='lat' dir='ltr'>insularum</span> <span class='ocrx_word' id='word_1_40' title='bbox 1029 690 1131 728; x_wconf 89' lang='lat' dir='ltr'>quas</span> <span class='ocrx_word' id='word_1_41' title='bbox 1147 678 1335 715; x_wconf 81' lang='lat' dir='ltr'>Romana</span> <span class='ocrx_word' id='word_1_42' title='bbox 1349 676 1500 714; x_wconf 84' lang='lat' dir='ltr'>notitia</span> <span class='ocrx_word' id='word_1_43' title='bbox 1517 687 1535 714; x_wconf 84' lang='lat'>5</span> 
     </span>
     <span class='ocr_line' id='line_1_8' title="bbox 166 747 1500 803; baseline -0.005 -12"><span class='ocrx_word' id='word_1_44' title='bbox 166 752 454 803; x_wconf 85' lang='lat' dir='ltr'>complectitur</span> <span class='ocrx_word' id='word_1_45' title='bbox 474 750 666 791; x_wconf 81' lang='lat' dir='ltr'>maxima.</span> <span class='ocrx_word' id='word_1_46' title='bbox 685 749 820 800; x_wconf 85' lang='lat' dir='ltr'>spatio</span> <span class='ocrx_word' id='word_1_47' title='bbox 841 762 886 787; x_wconf 87' lang='lat' dir='ltr'>ac</span> <span class='ocrx_word' id='word_1_48' title='bbox 915 748 1027 786; x_wconf 89' lang='lat' dir='ltr'>caelo</span> <span class='ocrx_word' id='word_1_49' title='bbox 1048 748 1091 785; x_wconf 91' lang='lat' dir='ltr'>in</span> <span class='ocrx_word' id='word_1_50' title='bbox 1112 747 1312 785; x_wconf 84' lang='lat' dir='ltr'>orientem</span> <span class='ocrx_word' id='word_1_51' title='bbox 1335 748 1500 785; x_wconf 71' lang='lat' dir='ltr'>Germa-</span> 
     </span>
     <span class='ocr_line' id='line_1_9' title="bbox 166 817 1500 871; baseline -0.006 -10"><span class='ocrx_word' id='word_1_52' title='bbox 166 824 270 871; x_wconf 88' lang='lat' dir='ltr'>niae,</span> <span class='ocrx_word' id='word_1_53' title='bbox 291 823 335 860; x_wconf 93' lang='lat' dir='ltr'>in</span> <span class='ocrx_word' id='word_1_54' title='bbox 355 822 607 860; x_wconf 88' lang='lat' dir='ltr'>occidentem</span> <span class='ocrx_word' id='word_1_55' title='bbox 637 820 868 870; x_wconf 88' lang='lat' dir='ltr'>Hispaniae</span> <span class='ocrx_word' id='word_1_56' title='bbox 889 819 1141 866; x_wconf 81' lang='lat' dir='ltr'>obtenditur,</span> <span class='ocrx_word' id='word_1_57' title='bbox 1165 817 1299 856; x_wconf 81' lang='lat' dir='ltr'>Gallis</span> <span class='ocrx_word' id='word_1_58' title='bbox 1321 818 1363 854; x_wconf 89' lang='lat' dir='ltr'>in</span> <span class='ocrx_word' id='word_1_59' title='bbox 1385 817 1500 854; x_wconf 89' lang='lat' dir='ltr'>meri-</span> 
     </span>
     <span class='ocr_line' id='line_1_10' title="bbox 166 888 1502 941; baseline -0.005 -10"><span class='ocrx_word' id='word_1_60' title='bbox 166 893 275 931; x_wconf 85' lang='lat' dir='ltr'>diem</span> <span class='ocrx_word' id='word_1_61' title='bbox 296 892 419 930; x_wconf 89' lang='lat' dir='ltr'>etiam</span> <span class='ocrx_word' id='word_1_62' title='bbox 448 891 691 941; x_wconf 83' lang='lat' dir='ltr'>inspicitur;</span> <span class='ocrx_word' id='word_1_63' title='bbox 724 889 1063 940; x_wconf 75' lang='lat' dir='ltr'>septentrionalia</span> <span class='ocrx_word' id='word_1_64' title='bbox 1084 888 1183 935; x_wconf 87' lang='lat' dir='ltr'>eius,</span> <span class='ocrx_word' id='word_1_65' title='bbox 1206 888 1333 925; x_wconf 87' lang='lat' dir='ltr'>nullis</span> <span class='ocrx_word' id='word_1_66' title='bbox 1359 891 1502 925; x_wconf 85' lang='lat' dir='ltr'>contra</span> 
     </span>
     <span class='ocr_line' id='line_1_11' title="bbox 166 957 1500 1011; baseline -0.005 -10"><span class='ocrx_word' id='word_1_67' title='bbox 166 963 299 1011; x_wconf 89' lang='lat' dir='ltr'>terris,</span> <span class='ocrx_word' id='word_1_68' title='bbox 317 967 434 1001; x_wconf 71' lang='lat' dir='ltr'>vasto</span> <span class='ocrx_word' id='word_1_69' title='bbox 455 966 578 1011; x_wconf 88' lang='lat' dir='ltr'>atque</span> <span class='ocrx_word' id='word_1_70' title='bbox 600 964 742 1011; x_wconf 90' lang='lat' dir='ltr'>aperto</span> <span class='ocrx_word' id='word_1_71' title='bbox 764 960 865 997; x_wconf 88' lang='lat' dir='ltr'>mari</span> <span class='ocrx_word' id='word_1_72' title='bbox 887 959 1115 1009; x_wconf 76' lang='lat' dir='ltr'>pulsantur.</span> <span class='ocrx_word' id='word_1_73' title='bbox 1166 959 1356 995; x_wconf 83' lang='lat' dir='ltr'>Formam</span> <span class='ocrx_word' id='word_1_74' title='bbox 1374 957 1500 995; x_wconf 83' lang='lat' dir='ltr'>totius</span> 
     </span>
     <span class='ocr_line' id='line_1_12' title="bbox 168 1027 1557 1075; baseline -0.004 -4"><span class='ocrx_word' id='word_1_75' title='bbox 168 1033 409 1071; x_wconf 84' lang='lat' dir='ltr'>Britanniae</span> <span class='ocrx_word' id='word_1_76' title='bbox 444 1031 588 1069; x_wconf 82' lang='lat' dir='ltr'>Livius</span> <span class='ocrx_word' id='word_1_77' title='bbox 621 1034 820 1075; x_wconf 80' lang='lat' dir='ltr'>veterum,</span> <span class='ocrx_word' id='word_1_78' title='bbox 854 1029 1006 1067; x_wconf 81' lang='lat' dir='ltr'>Fabius</span> <span class='ocrx_word' id='word_1_79' title='bbox 1042 1028 1240 1067; x_wconf 74' lang='lat' dir='ltr'>Rusticus</span> <span class='ocrx_word' id='word_1_80' title='bbox 1275 1027 1499 1065; x_wconf 88' lang='lat' dir='ltr'>recentium</span> <span class='ocrx_word' id='word_1_81' title='bbox 1523 1038 1557 1066; x_wconf 75' lang='lat' dir='ltr'>le</span> 
     </span>
     <span class='ocr_line' id='line_1_13' title="bbox 168 1097 1502 1153; baseline -0.004 -13"><span class='ocrx_word' id='word_1_82' title='bbox 168 1101 497 1153; x_wconf 84' lang='lat' dir='ltr'>eloquentissimi</span> <span class='ocrx_word' id='word_1_83' title='bbox 537 1105 722 1139; x_wconf 78' lang='lat' dir='ltr'>auctores</span> <span class='ocrx_word' id='word_1_84' title='bbox 762 1099 960 1148; x_wconf 81' lang='lat' dir='ltr'>oblongae</span> <span class='ocrx_word' id='word_1_85' title='bbox 1004 1098 1189 1137; x_wconf 86' lang='lat' dir='ltr'>scutulae</span> <span class='ocrx_word' id='word_1_86' title='bbox 1228 1098 1293 1135; x_wconf 80' lang='lat' dir='ltr'>vel</span> <span class='ocrx_word' id='word_1_87' title='bbox 1332 1097 1502 1147; x_wconf 85' lang='lat' dir='ltr'>bipenni</span> 
     </span>
     <span class='ocr_line' id='line_1_14' title="bbox 168 1168 1502 1213; baseline -0.004 -3"><span class='ocrx_word' id='word_1_88' title='bbox 168 1172 478 1211; x_wconf 79' lang='lat' dir='ltr'>adsimulavere.</span> <span class='ocrx_word' id='word_1_89' title='bbox 547 1172 601 1208; x_wconf 80' lang='lat' dir='ltr'>Et</span> <span class='ocrx_word' id='word_1_90' title='bbox 630 1174 693 1209; x_wconf 83' lang='lat' dir='ltr'>est</span> <span class='ocrx_word' id='word_1_91' title='bbox 723 1183 770 1209; x_wconf 89' lang='lat' dir='ltr'>ea</span> <span class='ocrx_word' id='word_1_92' title='bbox 800 1170 926 1208; x_wconf 83' lang='lat' dir='ltr'>facies</span> <span class='ocrx_word' id='word_1_93' title='bbox 956 1169 1061 1207; x_wconf 85' lang='lat' dir='ltr'>citra</span> <span class='ocrx_word' id='word_1_94' title='bbox 1090 1168 1367 1213; x_wconf 83' lang='lat' dir='ltr'>Caledoniam,</span> <span class='ocrx_word' id='word_1_95' title='bbox 1393 1168 1502 1205; x_wconf 87' lang='lat' dir='ltr'>unde</span> 
     </span>
     <span class='ocr_line' id='line_1_15' title="bbox 168 1237 1503 1287; baseline -0.004 -7"><span class='ocrx_word' id='word_1_96' title='bbox 168 1247 209 1280; x_wconf 90' lang='lat' dir='ltr'>et</span> <span class='ocrx_word' id='word_1_97' title='bbox 242 1242 286 1279; x_wconf 90' lang='lat' dir='ltr'>in</span> <span class='ocrx_word' id='word_1_98' title='bbox 315 1241 553 1280; x_wconf 85' lang='lat' dir='ltr'>universum</span> <span class='ocrx_word' id='word_1_99' title='bbox 574 1241 697 1278; x_wconf 81' lang='lat' dir='ltr'>fama.</span> <span class='ocrx_word' id='word_1_100' title='bbox 751 1240 831 1278; x_wconf 69' lang='lat' dir='ltr'>Sed</span> <span class='ocrx_word' id='word_1_101' title='bbox 851 1238 1121 1287; x_wconf 82' lang='lat' dir='ltr'>transgressis</span> <span class='ocrx_word' id='word_1_102' title='bbox 1144 1242 1185 1275; x_wconf 92' lang='lat' dir='ltr'>et</span> <span class='ocrx_word' id='word_1_103' title='bbox 1206 1237 1440 1275; x_wconf 88' lang='lat' dir='ltr'>imnensum</span> <span class='ocrx_word' id='word_1_104' title='bbox 1462 1242 1503 1275; x_wconf 84' lang='lat' dir='ltr'>et</span> 
     </span>
     <span class='ocr_line' id='line_1_16' title="bbox 169 1308 1503 1361; baseline -0.003 -12"><span class='ocrx_word' id='word_1_105' title='bbox 169 1324 333 1349; x_wconf 86' lang='lat' dir='ltr'>enorme</span> <span class='ocrx_word' id='word_1_106' title='bbox 359 1311 536 1361; x_wconf 88' lang='lat' dir='ltr'>spatium</span> <span class='ocrx_word' id='word_1_107' title='bbox 564 1310 893 1360; x_wconf 80' lang='lat' dir='ltr'>procurrentium</span> <span class='ocrx_word' id='word_1_108' title='bbox 920 1314 1103 1347; x_wconf 83' lang='lat' dir='ltr'>extremo</span> <span class='ocrx_word' id='word_1_109' title='bbox 1129 1308 1211 1346; x_wconf 86' lang='lat' dir='ltr'>iam</span> <span class='ocrx_word' id='word_1_110' title='bbox 1237 1308 1356 1346; x_wconf 90' lang='lat' dir='ltr'>litore</span> <span class='ocrx_word' id='word_1_111' title='bbox 1381 1312 1503 1346; x_wconf 89' lang='lat' dir='ltr'>terra-</span> 
     </span>
     <span class='ocr_line' id='line_1_17' title="bbox 169 1378 1560 1419; baseline -0.005 0"><span class='ocrx_word' id='word_1_112' title='bbox 169 1395 260 1419; x_wconf 92' lang='lat' dir='ltr'>rum</span> <span class='ocrx_word' id='word_1_113' title='bbox 294 1381 409 1419; x_wconf 83' lang='lat' dir='ltr'>velut</span> <span class='ocrx_word' id='word_1_114' title='bbox 442 1381 485 1417; x_wconf 91' lang='lat' dir='ltr'>in</span> <span class='ocrx_word' id='word_1_115' title='bbox 519 1393 693 1417; x_wconf 82' lang='lat' dir='ltr'>cuneum</span> <span class='ocrx_word' id='word_1_116' title='bbox 727 1383 932 1417; x_wconf 88' lang='lat' dir='ltr'>tenuatur.</span> <span class='ocrx_word' id='word_1_117' title='bbox 994 1380 1114 1416; x_wconf 90' lang='lat' dir='ltr'>Hanc</span> <span class='ocrx_word' id='word_1_118' title='bbox 1144 1391 1256 1416; x_wconf 88' lang='lat' dir='ltr'>oram</span> <span class='ocrx_word' id='word_1_119' title='bbox 1287 1378 1503 1416; x_wconf 87' lang='lat' dir='ltr'>novissimi</span> <span class='ocrx_word' id='word_1_120' title='bbox 1525 1385 1560 1413; x_wconf 85' lang='lat'>15</span> 
     </span>
     <span class='ocr_line' id='line_1_18' title="bbox 170 1448 1504 1500; baseline -0.002 -12"><span class='ocrx_word' id='word_1_121' title='bbox 170 1451 294 1489; x_wconf 90' lang='lat' dir='ltr'>maris</span> <span class='ocrx_word' id='word_1_122' title='bbox 316 1455 414 1488; x_wconf 88' lang='lat' dir='ltr'>tunc</span> <span class='ocrx_word' id='word_1_123' title='bbox 435 1450 614 1500; x_wconf 87' lang='lat' dir='ltr'>primum</span> <span class='ocrx_word' id='word_1_124' title='bbox 643 1450 829 1487; x_wconf 80' lang='lat' dir='ltr'>Romana</span> <span class='ocrx_word' id='word_1_125' title='bbox 857 1449 1000 1487; x_wconf 83' lang='lat' dir='ltr'>classis</span> <span class='ocrx_word' id='word_1_126' title='bbox 1025 1448 1300 1486; x_wconf 66' lang='lat' dir='ltr'>circumvecta</span> <span class='ocrx_word' id='word_1_127' title='bbox 1324 1448 1504 1486; x_wconf 88' lang='lat' dir='ltr'>insulam</span> 
     </span>
     <span class='ocr_line' id='line_1_19' title="bbox 172 1517 1504 1567; baseline -0.003 -8"><span class='ocrx_word' id='word_1_128' title='bbox 172 1533 260 1559; x_wconf 86' lang='lat' dir='ltr'>esse</span> <span class='ocrx_word' id='word_1_129' title='bbox 294 1519 555 1558; x_wconf 86' lang='lat' dir='ltr'>Britanniam</span> <span class='ocrx_word' id='word_1_130' title='bbox 596 1519 843 1559; x_wconf 80' lang='lat' dir='ltr'>adfirmavit.</span> <span class='ocrx_word' id='word_1_131' title='bbox 876 1531 921 1557; x_wconf 87' lang='lat' dir='ltr'>ac</span> <span class='ocrx_word' id='word_1_132' title='bbox 957 1518 1079 1556; x_wconf 87' lang='lat' dir='ltr'>simul</span> <span class='ocrx_word' id='word_1_133' title='bbox 1116 1518 1346 1567; x_wconf 86' lang='lat' dir='ltr'>incognitas</span> <span class='ocrx_word' id='word_1_134' title='bbox 1380 1518 1430 1555; x_wconf 87' lang='lat' dir='ltr'>ad</span> <span class='ocrx_word' id='word_1_135' title='bbox 1460 1517 1504 1555; x_wconf 88' lang='lat' dir='ltr'>id</span> 
     </span>
     <span class='ocr_line' id='line_1_20' title="bbox 171 1587 1500 1640; baseline -0.003 -12"><span class='ocrx_word' id='word_1_136' title='bbox 171 1594 333 1640; x_wconf 86' lang='lat' dir='ltr'>tempus</span> <span class='ocrx_word' id='word_1_137' title='bbox 358 1590 528 1638; x_wconf 88' lang='lat' dir='ltr'>insulas,</span> <span class='ocrx_word' id='word_1_138' title='bbox 551 1602 653 1639; x_wconf 83' lang='lat' dir='ltr'>quas</span> <span class='ocrx_word' id='word_1_139' title='bbox 678 1589 858 1628; x_wconf 83' lang='lat' dir='ltr'>Orcadas</span> <span class='ocrx_word' id='word_1_140' title='bbox 880 1592 1040 1635; x_wconf 77' lang='lat' dir='ltr'>vocant,</span> <span class='ocrx_word' id='word_1_141' title='bbox 1063 1588 1224 1625; x_wconf 88' lang='lat' dir='ltr'>invenit</span> <span class='ocrx_word' id='word_1_142' title='bbox 1248 1587 1500 1637; x_wconf 80' lang='lat' dir='ltr'>domuitque.</span> 
     </span>
     <span class='ocr_line' id='line_1_21' title="bbox 172 1657 1504 1710; baseline -0.002 -13"><span class='ocrx_word' id='word_1_143' title='bbox 172 1660 369 1710; x_wconf 83' lang='lat' dir='ltr'>Dispecta</span> <span class='ocrx_word' id='word_1_144' title='bbox 397 1666 460 1698; x_wconf 86' lang='lat' dir='ltr'>est</span> <span class='ocrx_word' id='word_1_145' title='bbox 489 1663 530 1698; x_wconf 88' lang='lat' dir='ltr'>et</span> <span class='ocrx_word' id='word_1_146' title='bbox 560 1659 705 1707; x_wconf 86' lang='lat' dir='ltr'>Thule,</span> <span class='ocrx_word' id='word_1_147' title='bbox 735 1658 833 1709; x_wconf 85' lang='lat' dir='ltr'>quia</span> <span class='ocrx_word' id='word_1_148' title='bbox 861 1658 1059 1696; x_wconf 82' lang='lat' dir='ltr'>hactenus</span> <span class='ocrx_word' id='word_1_149' title='bbox 1090 1658 1269 1696; x_wconf 86' lang='lat' dir='ltr'>iussum:</span> <span class='ocrx_word' id='word_1_150' title='bbox 1302 1661 1343 1695; x_wconf 90' lang='lat' dir='ltr'>et</span> <span class='ocrx_word' id='word_1_151' title='bbox 1371 1657 1504 1695; x_wconf 88' lang='lat' dir='ltr'>hiems</span> 
     </span>
     <span class='ocr_line' id='line_1_22' title="bbox 171 1727 1562 1783; baseline -0.003 -15"><span class='ocrx_word' id='word_1_152' title='bbox 171 1730 402 1780; x_wconf 87' lang='lat' dir='ltr'>adpetebat.</span> <span class='ocrx_word' id='word_1_153' title='bbox 478 1729 558 1767; x_wconf 85' lang='lat' dir='ltr'>Sed</span> <span class='ocrx_word' id='word_1_154' title='bbox 603 1741 713 1767; x_wconf 90' lang='lat' dir='ltr'>mare</span> <span class='ocrx_word' id='word_1_155' title='bbox 760 1728 924 1778; x_wconf 89' lang='lat' dir='ltr'>pigrum</span> <span class='ocrx_word' id='word_1_156' title='bbox 963 1732 1003 1783; x_wconf 83' lang='lat' dir='ltr'>et</span> <span class='ocrx_word' id='word_1_157' title='bbox 1043 1740 1165 1777; x_wconf 82' lang='lat' dir='ltr'>grave</span> <span class='ocrx_word' id='word_1_158' title='bbox 1205 1727 1504 1776; x_wconf 84' lang='lat' dir='ltr'>remigantibus</span> <span class='ocrx_word' id='word_1_159' title='bbox 1523 1736 1562 1764; x_wconf 79' lang='lat'>20</span> 
     </span>
     <span class='ocr_line' id='line_1_23' title="bbox 173 1797 1505 1849; baseline -0.002 -12"><span class='ocrx_word' id='word_1_160' title='bbox 173 1799 390 1849; x_wconf 86' lang='lat' dir='ltr'>perhibent</span> <span class='ocrx_word' id='word_1_161' title='bbox 424 1811 474 1836; x_wconf 91' lang='lat' dir='ltr'>ne</span> <span class='ocrx_word' id='word_1_162' title='bbox 508 1799 643 1837; x_wconf 88' lang='lat' dir='ltr'>ventis</span> <span class='ocrx_word' id='word_1_163' title='bbox 676 1798 844 1849; x_wconf 87' lang='lat' dir='ltr'>quidem</span> <span class='ocrx_word' id='word_1_164' title='bbox 876 1797 1047 1848; x_wconf 83' lang='lat' dir='ltr'>perinde</span> <span class='ocrx_word' id='word_1_165' title='bbox 1061 1797 1221 1845; x_wconf 84' lang='lat' dir='ltr'>adtolli,</span> <span class='ocrx_word' id='word_1_166' title='bbox 1248 1797 1369 1835; x_wconf 85' lang='lat' dir='ltr'>credo</span> <span class='ocrx_word' id='word_1_167' title='bbox 1395 1797 1505 1847; x_wconf 92' lang='lat' dir='ltr'>quod</span> 
     </span>
     <span class='ocr_line' id='line_1_24' title="bbox 172 1868 1503 1918; baseline -0.003 -11"><span class='ocrx_word' id='word_1_168' title='bbox 172 1869 345 1907; x_wconf 88' lang='lat' dir='ltr'>rariores</span> <span class='ocrx_word' id='word_1_169' title='bbox 366 1873 499 1907; x_wconf 91' lang='lat' dir='ltr'>terrae</span> <span class='ocrx_word' id='word_1_170' title='bbox 521 1872 776 1918; x_wconf 84' lang='lat' dir='ltr'>montesque,</span> <span class='ocrx_word' id='word_1_171' title='bbox 794 1881 916 1906; x_wconf 89' lang='lat' dir='ltr'>causa</span> <span class='ocrx_word' id='word_1_172' title='bbox 936 1880 981 1905; x_wconf 88' lang='lat' dir='ltr'>ac</span> <span class='ocrx_word' id='word_1_173' title='bbox 1002 1868 1175 1905; x_wconf 88' lang='lat' dir='ltr'>materia</span> <span class='ocrx_word' id='word_1_174' title='bbox 1195 1870 1503 1916; x_wconf 79' lang='lat' dir='ltr'>tempestatum,</span> 
     </span>
     <span class='ocr_line' id='line_1_25' title="bbox 172 1936 1502 1989; baseline -0.002 -14"><span class='ocrx_word' id='word_1_175' title='bbox 172 1943 213 1976; x_wconf 90' lang='lat' dir='ltr'>et</span> <span class='ocrx_word' id='word_1_176' title='bbox 250 1939 458 1989; x_wconf 79' lang='lat' dir='ltr'>profunda</span> <span class='ocrx_word' id='word_1_177' title='bbox 501 1938 630 1977; x_wconf 85' lang='lat' dir='ltr'>moles</span> <span class='ocrx_word' id='word_1_178' title='bbox 670 1938 857 1976; x_wconf 84' lang='lat' dir='ltr'>continui</span> <span class='ocrx_word' id='word_1_179' title='bbox 896 1937 1022 1975; x_wconf 89' lang='lat' dir='ltr'>maris</span> <span class='ocrx_word' id='word_1_180' title='bbox 1062 1937 1222 1975; x_wconf 89' lang='lat' dir='ltr'>tardius</span> <span class='ocrx_word' id='word_1_181' title='bbox 1261 1936 1502 1986; x_wconf 84' lang='lat' dir='ltr'>impellitur.</span> 
     </span>
     <span class='ocr_line' id='line_1_26' title="bbox 172 2006 1505 2058; baseline -0.002 -12"><span class='ocrx_word' id='word_1_182' title='bbox 172 2009 376 2047; x_wconf 89' lang='lat' dir='ltr'>Naturam</span> <span class='ocrx_word' id='word_1_183' title='bbox 394 2008 547 2047; x_wconf 85' lang='lat' dir='ltr'>Oceani</span> <span class='ocrx_word' id='word_1_184' title='bbox 569 2013 691 2058; x_wconf 86' lang='lat' dir='ltr'>atque</span> <span class='ocrx_word' id='word_1_185' title='bbox 713 2012 850 2046; x_wconf 87' lang='lat' dir='ltr'>aestus</span> <span class='ocrx_word' id='word_1_186' title='bbox 868 2019 1000 2057; x_wconf 89' lang='lat' dir='ltr'>neque</span> <span class='ocrx_word' id='word_1_187' title='bbox 1017 2019 1212 2057; x_wconf 86' lang='lat' dir='ltr'>quaerere</span> <span class='ocrx_word' id='word_1_188' title='bbox 1230 2006 1352 2044; x_wconf 87' lang='lat' dir='ltr'>huius</span> <span class='ocrx_word' id='word_1_189' title='bbox 1370 2006 1505 2055; x_wconf 86' lang='lat' dir='ltr'>operis</span> 
     </span>
     <span class='ocr_line' id='line_1_27' title="bbox 173 2076 1560 2126; baseline -0.003 -10"><span class='ocrx_word' id='word_1_190' title='bbox 173 2081 246 2126; x_wconf 88' lang='lat' dir='ltr'>est,</span> <span class='ocrx_word' id='word_1_191' title='bbox 268 2090 315 2116; x_wconf 87' lang='lat' dir='ltr'>ac</span> <span class='ocrx_word' id='word_1_192' title='bbox 342 2078 464 2116; x_wconf 89' lang='lat' dir='ltr'>multi</span> <span class='ocrx_word' id='word_1_193' title='bbox 484 2078 702 2116; x_wconf 87' lang='lat' dir='ltr'>rettulere:</span> <span class='ocrx_word' id='word_1_194' title='bbox 734 2091 863 2115; x_wconf 89' lang='lat' dir='ltr'>unum</span> <span class='ocrx_word' id='word_1_195' title='bbox 891 2076 1133 2124; x_wconf 82' lang='lat' dir='ltr'>addiderim,</span> <span class='ocrx_word' id='word_1_196' title='bbox 1154 2088 1359 2126; x_wconf 88' lang='lat' dir='ltr'>nusquam</span> <span class='ocrx_word' id='word_1_197' title='bbox 1380 2076 1505 2113; x_wconf 86' lang='lat' dir='ltr'>latius</span> <span class='ocrx_word' id='word_1_198' title='bbox 1525 2083 1560 2111; x_wconf 80' lang='lat'>25</span> 
     </span>
     <span class='ocr_line' id='line_1_28' title="bbox 173 2146 1504 2196; baseline -0.003 -10"><span class='ocrx_word' id='word_1_199' title='bbox 173 2147 376 2186; x_wconf 88' lang='lat' dir='ltr'>dominari</span> <span class='ocrx_word' id='word_1_200' title='bbox 402 2160 525 2194; x_wconf 86' lang='lat' dir='ltr'>mare,</span> <span class='ocrx_word' id='word_1_201' title='bbox 550 2148 729 2186; x_wconf 88' lang='lat' dir='ltr'>multum</span> <span class='ocrx_word' id='word_1_202' title='bbox 756 2147 975 2185; x_wconf 89' lang='lat' dir='ltr'>fluminum</span> <span class='ocrx_word' id='word_1_203' title='bbox 1002 2147 1082 2184; x_wconf 86' lang='lat' dir='ltr'>huc</span> <span class='ocrx_word' id='word_1_204' title='bbox 1109 2150 1233 2196; x_wconf 87' lang='lat' dir='ltr'>atque</span> <span class='ocrx_word' id='word_1_205' title='bbox 1259 2146 1357 2183; x_wconf 89' lang='lat' dir='ltr'>illuc</span> <span class='ocrx_word' id='word_1_206' title='bbox 1383 2146 1504 2193; x_wconf 66' lang='lat' dir='ltr'>ferre,</span> 
     </span>
     <span class='ocr_line' id='line_1_29' title="bbox 173 2214 1505 2256; baseline -0.002 -1"><span class='ocrx_word' id='word_1_207' title='bbox 173 2229 246 2255; x_wconf 88' lang='lat' dir='ltr'>nec</span> <span class='ocrx_word' id='word_1_208' title='bbox 284 2217 406 2255; x_wconf 91' lang='lat' dir='ltr'>litore</span> <span class='ocrx_word' id='word_1_209' title='bbox 444 2221 565 2256; x_wconf 87' lang='lat' dir='ltr'>tenus</span> <span class='ocrx_word' id='word_1_210' title='bbox 605 2218 839 2256; x_wconf 87' lang='lat' dir='ltr'>adcrescere</span> <span class='ocrx_word' id='word_1_211' title='bbox 880 2221 951 2255; x_wconf 88' lang='lat' dir='ltr'>aut</span> <span class='ocrx_word' id='word_1_212' title='bbox 985 2216 1197 2255; x_wconf 84' lang='lat' dir='ltr'>resorberi.</span> <span class='ocrx_word' id='word_1_213' title='bbox 1231 2216 1302 2254; x_wconf 87' lang='lat' dir='ltr'>sed</span> <span class='ocrx_word' id='word_1_214' title='bbox 1334 2214 1505 2252; x_wconf 85' lang='lat' dir='ltr'>influere</span> 
     </span>
     <span class='ocr_line' id='line_1_30' title="bbox 174 2285 1505 2337; baseline -0.002 -12"><span class='ocrx_word' id='word_1_215' title='bbox 174 2286 339 2337; x_wconf 87' lang='lat' dir='ltr'>penitus</span> <span class='ocrx_word' id='word_1_216' title='bbox 365 2291 488 2337; x_wconf 86' lang='lat' dir='ltr'>atque</span> <span class='ocrx_word' id='word_1_217' title='bbox 515 2287 681 2334; x_wconf 86' lang='lat' dir='ltr'>ambire,</span> <span class='ocrx_word' id='word_1_218' title='bbox 707 2290 749 2325; x_wconf 92' lang='lat' dir='ltr'>et</span> <span class='ocrx_word' id='word_1_219' title='bbox 782 2287 891 2336; x_wconf 88' lang='lat' dir='ltr'>iugis</span> <span class='ocrx_word' id='word_1_220' title='bbox 916 2287 1042 2324; x_wconf 88' lang='lat' dir='ltr'>etiam</span> <span class='ocrx_word' id='word_1_221' title='bbox 1069 2299 1114 2324; x_wconf 88' lang='lat' dir='ltr'>ac</span> <span class='ocrx_word' id='word_1_222' title='bbox 1142 2285 1350 2323; x_wconf 85' lang='lat' dir='ltr'>montibus</span> <span class='ocrx_word' id='word_1_223' title='bbox 1378 2285 1505 2323; x_wconf 88' lang='lat' dir='ltr'>inseri</span> 
     </span>
     <span class='ocr_line' id='line_1_31' title="bbox 174 2356 473 2395; baseline 0.007 -2"><span class='ocrx_word' id='word_1_224' title='bbox 174 2356 289 2394; x_wconf 88' lang='lat' dir='ltr'>velut</span> <span class='ocrx_word' id='word_1_225' title='bbox 317 2357 362 2394; x_wconf 89' lang='lat' dir='ltr'>in</span> <span class='ocrx_word' id='word_1_226' title='bbox 391 2370 473 2395; x_wconf 87' lang='lat' dir='ltr'>suo.</span> 
     </span>
    </p>
   </div>
   <div class='ocr_carea' id='block_1_4' title="bbox 228 2425 1562 2475">
    <p class='ocr_par' dir='ltr' id='par_1_4' title="bbox 228 2425 1562 2475">
     <span class='ocr_line' id='line_1_32' title="bbox 228 2425 1562 2475; baseline -0.001 -12"><span class='ocrx_word' id='word_1_227' title='bbox 228 2426 287 2463; x_wconf 94' lang='grc'>11.</span> <span class='ocrx_word' id='word_1_228' title='bbox 329 2427 521 2465; x_wconf 81' lang='lat' dir='ltr'>Ceterum</span> <span class='ocrx_word' id='word_1_229' title='bbox 541 2426 800 2464; x_wconf 85' lang='lat' dir='ltr'>Britanniam</span> <span class='ocrx_word' id='word_1_230' title='bbox 825 2426 895 2475; x_wconf 85' lang='lat' dir='ltr'>qui</span> <span class='ocrx_word' id='word_1_231' title='bbox 917 2426 1111 2463; x_wconf 86' lang='lat' dir='ltr'>mortales</span> <span class='ocrx_word' id='word_1_232' title='bbox 1140 2426 1260 2462; x_wconf 88' lang='lat' dir='ltr'>initio</span> <span class='ocrx_word' id='word_1_233' title='bbox 1289 2425 1504 2472; x_wconf 78' lang='lat' dir='ltr'>coluerint,</span> <span class='ocrx_word' id='word_1_234' title='bbox 1525 2434 1562 2461; x_wconf 69' lang='lat'>:30</span> 
     </span>
    </p>
   </div>
  </div>
 </body>
</html>
