1747 2764
207 133 233 172 4
624 137 662 168 P.
699 136 931 169 CORNELII
961 135 1126 167 TACITI

207 254 488 301 iactationem,
519 253 626 290 nihil
657 253 707 290 ob
737 251 1005 290 formidinem
1036 262 1237 297 recusare,
1269 249 1475 299 simulque
1505 252 1546 287 et

208 325 357 364 anxius
396 328 437 362 et
475 324 664 361 intentus
704 335 835 371 agere.
911 323 1008 360 Non
1047 334 1145 360 saue
1185 320 1288 359 alias
1327 320 1544 358 excitatior

208 395 423 445 magisque
451 394 494 431 in
521 393 714 442 ambiguo
742 392 964 431 Britannia
990 392 1094 430 fuit:
1127 391 1325 429 trucidati
1346 389 1544 438 veterani,

207 465 398 503 incensae
438 464 634 512 coloniae,
675 463 896 513 intercepti
936 462 1164 511 exercitus3
1201 465 1291 500 tum
1321 461 1371 498 de
1402 460 1545 508 salute,

170 547 189 576 5
208 548 304 573 mox
338 535 388 572 de
423 533 598 571 victoria
631 537 850 571 certavere.
928 533 1040 578 Quae
1071 536 1221 570 cuncta
1251 531 1329 570 etsi
1361 530 1548 569 consiliis

209 606 418 655 ductuque
444 603 615 642 alterius
641 604 880 652 agebantur,
905 615 951 641 ac
982 615 1143 641 summa
1168 614 1304 640 rerum
1329 605 1370 640 et
1399 600 1550 651 recipe-

209 680 323 714 ratae
354 674 591 725 provinciae
622 673 753 722 gloria
782 673 826 710 in
856 673 1001 711 ducem
1031 672 1167 721 cessit,
1198 676 1327 710 artem
1358 675 1398 709 et
1428 683 1547 710 usum

210 750 250 784 et
271 745 462 784 stimulos
483 745 682 783 addidere
699 743 852 791 iuveni,
870 739 1127 793 intravitque
1145 743 1329 781 animum
1350 741 1546 780 militaris

210 816 364 865 gloriae
394 815 557 866 cupido,
589 815 753 863 ingrata
782 814 1039 864 temporibus
1070 813 1220 863 quibus
1251 812 1422 850 sinistra
1450 823 1548 860 erga

156 897 190 924 10
210 886 433 924 eminentis
472 884 764 935 interpretatio
791 897 865 922 nec
897 884 1034 922 minus
1062 883 1293 934 periculum
1322 895 1372 920 ex
1401 894 1551 930 magna

210 957 325 995 fama
345 969 467 1007 quam
491 968 540 993 ex
561 955 681 993 mala.

503 1079 639 1119 Official
670 1079 799 1112 C'areer
826 1089 870 1119 up
897 1084 931 1111 to
959 1080 1013 1111 che
1045 1078 1270 1119 Consulship.

264 1164 299 1204 6.
341 1164 454 1201 Hinc
482 1164 533 1201 ad
561 1163 835 1213 capessendos
862 1162 1132 1211 magistratus
1160 1162 1203 1199 in
1230 1162 1374 1200 urbem
1400 1161 1544 1210 digres-

212 1248 281 1274 sus
320 1234 549 1273 Domitiam
586 1233 869 1281 Decidianam,
902 1232 1134 1283 splendidis
1164 1232 1375 1270 natalibus
1405 1235 1547 1279 ortam,

211 1306 291 1344 sibi
312 1305 470 1353 iunxit3
503 1304 628 1354 idque
656 1303 967 1341 matrimonium
995 1303 1047 1340 ad
1073 1302 1229 1340 maiora
1252 1301 1406 1340 nitenti
1427 1301 1551 1339 decus
1590 1324 1593 1326 -

155 1388 191 1416 15
210 1389 257 1415 ac
278 1376 401 1414 robur
425 1375 520 1412 fuit.
572 1374 861 1423 Vixeruntque
889 1373 993 1411 mira
1019 1372 1247 1417 concordia,
1271 1385 1342 1423 per
1366 1375 1552 1410 mutuam

211 1446 429 1485 caritatem
450 1449 490 1483 et
515 1445 559 1482 in
579 1445 713 1482 vicem
738 1457 780 1482 se
808 1443 1110 1494 anteponendo,
1133 1443 1214 1480 nisi
1242 1443 1352 1493 quod
1379 1442 1422 1480 in
1447 1442 1554 1480 bona

211 1529 338 1555 uxore
358 1520 477 1554 tanto
506 1516 636 1554 maior
662 1515 766 1563 laus,
789 1518 944 1564 quanto
971 1515 1013 1552 in
1045 1514 1154 1552 mala
1183 1513 1277 1564 plus
1307 1513 1452 1564 culpae
1478 1517 1551 1551 est.

213 1589 309 1627 Sors
330 1591 577 1638 quaesturae
602 1585 860 1636 provinciam
881 1585 1037 1633 Asiam,
1060 1584 1347 1635 proconsulem
1369 1583 1553 1622 Salvium

212 1658 427 1696 Titianum
454 1657 570 1695 dedit
594 1669 769 1706 quorum
790 1659 937 1693 neutro
952 1658 1179 1704 conruptus
1204 1657 1279 1701 est,
1302 1666 1553 1704 quamquam

155 1740 193 1768 20
212 1733 253 1767 et
280 1727 495 1779 provincia
518 1727 634 1765 dives
660 1738 705 1764 ac
733 1730 880 1776 parata
907 1726 1173 1776 peccantibus
1199 1729 1239 1763 et
1263 1724 1483 1775 proconsul
1511 1723 1555 1760 in

213 1811 375 1836 omnem
391 1797 636 1836 aviditatem
652 1809 805 1846 pronus
822 1795 1083 1846 quantalibet
1099 1795 1306 1833 facilitate
1323 1794 1556 1844 redemptu-

213 1882 282 1907 rus
310 1872 419 1907 esset
443 1871 631 1905 mutuam
653 1866 1027 1905 dissimulationem
1052 1866 1164 1903 mali.
1223 1865 1384 1903 Auctus
1409 1868 1472 1903 est
1496 1864 1555 1902 ibi

214 1939 312 1987 filia,
344 1940 387 1976 in
419 1938 649 1977 subsidium
686 1937 810 1976 simul
841 1940 882 1974 et
917 1936 1137 1981 solacium3
1168 1949 1264 1974 nam
1294 1935 1428 1973 filium
1459 1938 1553 1972 ante

215 2009 425 2048 sublatum
458 2008 573 2046 brevi
607 2007 757 2046 amisit.
831 2008 930 2044 Mox
962 2007 1071 2044 inter
1105 2010 1372 2056 quaesturam
1404 2018 1449 2043 ac
1483 2004 1554 2042 tri-

158 2092 194 2119 25
215 2081 416 2118 bunatum
444 2078 579 2129 plebis
619 2082 742 2128 atque
782 2077 920 2127 ipsum
958 2077 1085 2115 etiam
1123 2076 1362 2114 tribunatus
1401 2088 1555 2113 annum

214 2150 355 2200 quiete
393 2153 435 2188 et
473 2149 559 2187 otio
588 2148 768 2196 transiit,
801 2160 952 2196 gnarus
988 2147 1064 2185 sub
1102 2147 1268 2184 Nerone
1307 2150 1553 2195 temporum,

215 2221 365 2271 quibus
387 2219 540 2258 inertia
559 2231 633 2269 pro
650 2218 842 2268 sapienta
856 2218 950 2255 fuit.
1001 2217 1118 2255 Idem
1136 2217 1387 2267 praeturae†
1405 2215 1554 2253 certior

215 2295 257 2329 et
284 2290 520 2338 silentium3
551 2301 625 2327 nec
653 2289 762 2326 enim
790 2287 1023 2326 iurisdictio
1050 2287 1285 2325 obvenerat.
1344 2286 1483 2324 Ludos
1513 2289 1556 2323 et

214 2361 358 2399 inania
395 2360 563 2398 honoris
602 2359 738 2397 medio
772 2357 1069 2396 moderationis
1108 2362 1233 2407 atque
1273 2356 1553 2394 abundantiae

159 2440 197 2469 30
215 2431 350 2481 duxit,
388 2430 452 2471 uti
490 2430 611 2479 longe
649 2442 673 2467 a
711 2429 887 2476 luxuria,
926 2428 987 2466 ita
1024 2428 1161 2466 famae
1200 2427 1378 2477 propior.
1449 2427 1555 2464 Tum
