1747 2764
664 138 924 172 AGRICOLA.
1410 131 1462 171 21

128 258 175 292 ut
205 254 408 293 secundae
437 266 503 292 res
532 258 688 301 tenent,
710 253 769 291 ita
798 253 993 291 adversae
1025 253 1276 291 dissolvent:
1317 253 1398 291 nisi
1429 253 1464 292 si

130 325 274 363 Gallos
307 328 348 362 et
380 325 607 363 Germanos
639 327 680 361 et
712 322 860 373 (pudet
891 323 1022 375 dictu)
1055 323 1351 361 Britannorum
1384 323 1465 373 ple-

129 407 289 444 rosque,
312 394 409 431 licet
438 393 713 432 dominationi
744 393 902 431 alienae
934 393 1178 442 sanguinem
1205 393 1463 441 conmodent,

130 464 287 502 diutius
317 468 457 502 tamen
486 463 619 502 hostis
649 475 771 513 quam
803 475 954 510 servos,
977 462 1057 501 fide
1083 466 1124 501 et
1144 463 1313 501 adfectu
1333 463 1465 500 teneri

130 534 298 585 putatis.
358 535 497 572 Metus
527 546 573 572 ac
602 537 734 571 terror
765 537 862 571 sunt
893 532 1058 571 infirma
1086 532 1225 571 vincla
1252 533 1463 581 caritatis3
1483 543 1502 571 5

131 617 233 654 quae
253 604 323 642 ubi
344 603 580 651 removeris,
599 603 670 653 qui
690 603 837 641 timere
859 603 1071 650 desierint,
1090 602 1226 641 odisse
1247 603 1462 653 incipient.

130 674 280 713 Omnia
300 673 496 712 victoriae
517 673 791 711 incitamenta
812 686 885 723 pro
909 673 1028 711 nobis
1058 678 1176 711 sunt:
1218 673 1358 711 nullae
1389 674 1466 711 Ro-

131 756 271 781 manos
302 743 496 792 coniuges
526 744 767 791 accendunt,
796 743 900 780 nulli
930 748 1123 793 parentes
1154 743 1294 792 fugam
1327 755 1467 793 expro-

130 814 288 852 braturi
327 818 445 862 sunt;
495 818 566 851 aut
603 813 719 851 nulla
756 813 966 863 plerisque
1001 813 1138 863 patria
1170 818 1241 851 aut
1275 813 1357 851 alia
1389 817 1463 852 est.

130 884 289 921 Paucos
327 895 507 931 numero,
542 883 726 933 trepidos
767 883 1011 932 ignorantia,
1047 883 1206 921 caelum
1245 883 1383 934 ipsum
1421 895 1466 921 ac
1487 892 1521 920 10

132 966 242 991 mare
277 957 317 991 et
351 953 490 1001 silvas,
526 953 668 1002 ignota
701 953 839 991 onmia
870 953 1268 1003 circumspectantis,
1304 953 1466 992 clausos

133 1023 309 1073 quodam
340 1023 461 1061 modo
490 1035 536 1061 ac
560 1023 720 1061 vinctos
751 1023 794 1061 di
823 1023 941 1062 nobis
971 1023 1245 1061 tradiderunt.
1304 1024 1369 1062 Ne
1389 1028 1467 1061 ter-

133 1097 221 1130 reat
246 1105 378 1131 vanus
407 1093 628 1143 adspectus
658 1097 699 1130 et
729 1093 818 1131 auri
847 1093 986 1142 fulgor
1011 1098 1133 1143 atque
1161 1093 1335 1142 argenti,
1357 1094 1467 1144 quod

132 1175 265 1212 neque
295 1163 400 1211 tegit
428 1175 561 1212 neque
592 1162 794 1201 vulnerat.
868 1163 919 1200 In
952 1163 1044 1213 ipsa
1077 1163 1259 1202 hostium
1290 1164 1376 1202 acie
1410 1164 1467 1201 in-

133 1233 345 1271 veniemus
384 1237 547 1271 nostras
587 1245 744 1271 manus.
816 1233 1085 1282 Adgnoscent
1123 1233 1316 1271 Britanni
1351 1246 1467 1272 suam
1487 1242 1522 1270 15

134 1315 310 1351 causam,
341 1303 665 1341 recordabuntur
695 1302 808 1341 Galli
842 1303 1020 1353 priorem
1054 1303 1312 1342 libertatem:
1358 1305 1468 1342 dese-

134 1377 226 1410 rent
247 1373 340 1410 illos
361 1372 487 1410 ceteri
508 1372 717 1420 Germani,
739 1376 824 1411 tam
845 1386 968 1422 quam
994 1385 1124 1423 nuper
1146 1374 1271 1424 Usipi
1297 1374 1469 1424 relique·

135 1446 241 1480 runt.
310 1443 398 1480 Nec
429 1442 656 1492 quidquam
685 1442 796 1480 ultra
825 1443 1084 1482 formidinis:
1125 1456 1255 1482 vacua
1283 1444 1466 1492 castella,

136 1524 279 1550 senum
300 1512 494 1560 coloniae,
516 1512 626 1550 inter
646 1512 753 1550 male
773 1513 960 1563 parentis
982 1517 1023 1551 et
1046 1513 1200 1552 iniuste
1221 1514 1468 1564 imperantis

135 1594 257 1630 aegra
277 1582 503 1631 municipia
523 1586 564 1619 et
585 1582 874 1621 discordantia.
929 1583 1011 1621 Hic
1033 1583 1128 1631 dux,
1150 1583 1218 1621 1116
1238 1584 1465 1623 exercitus:
1487 1592 1524 1621 20

135 1651 193 1690 ibi
213 1652 369 1690 tributa
390 1656 430 1689 et
452 1651 621 1690 metalla
642 1656 683 1690 et
703 1657 863 1690 ceterae
884 1653 1152 1691 servientium
1175 1666 1342 1704 poenae,
1365 1667 1467 1704 quas

134 1722 178 1759 in
199 1726 411 1760 aeternum
432 1722 617 1771 perferre
637 1726 710 1760 aut
730 1723 873 1761 statim
894 1723 1038 1768 ulcisci
1059 1723 1103 1761 in
1123 1724 1199 1762 hoc
1224 1736 1367 1774 campo
1392 1728 1464 1762 est.

134 1791 315 1829 Proinde
352 1791 453 1829 ituri
486 1792 531 1829 in
564 1791 694 1830 aciem
727 1796 769 1831 et
801 1792 975 1832 maiores
1010 1797 1169 1832 vestros
1204 1798 1244 1848 et
1282 1798 1468 1844 posteros

135 1861 339 1910 cogitate)

604 1975 733 2017 speech
758 1978 799 2017 of
817 1977 997 2018 Aqricola.

189 2071 251 2110 33.
294 2073 504 2122 Excepere
527 2073 753 2111 orationem
781 2073 935 2112 alacres
964 2078 1017 2123 et,
1040 2078 1086 2113 ut
1115 2075 1298 2114 barbaris
1329 2077 1466 2125 moris,
1485 2086 1522 2114 25

134 2145 258 2180 cantu
277 2142 530 2192 fremituque
547 2147 588 2181 et
608 2143 854 2182 clamoribus
877 2144 1067 2183 dissonis.
1113 2145 1286 2195 Iamque
1303 2147 1467 2194 agmina

133 2215 176 2249 et
213 2223 420 2249 armorum
458 2212 641 2261 fulgores
680 2213 971 2252 audentissimi
1009 2214 1207 2264 cuiusque
1246 2228 1464 2265 procursu:

87 2309 91 2313 .
134 2280 258 2318 simul
291 2281 574 2320 instruebatur
603 2282 723 2330 acies,
755 2295 846 2321 611111
876 2284 1071 2332 Agricola
1105 2298 1355 2335 quamquam
1390 2287 1467 2324 laen

132 2353 222 2388 tum
243 2354 284 2388 et
308 2351 379 2388 vix
403 2351 671 2390 munimentis
701 2353 922 2391 coercitum
952 2354 1131 2391 militem
1160 2356 1465 2393 accendendum

132 2419 268 2458 adhuc
288 2424 414 2468 ratus,
436 2421 496 2459 ita
517 2421 733 2460 disseruit:
771 2423 996 2472 ‘septimus
1028 2436 1159 2462 annus
1187 2429 1261 2471 est,
1284 2425 1467 2463 conmili-
1485 2434 1522 2462 30
