1747 2764
214 122 268 163 20
632 130 669 161 P.
707 129 937 162 CORNELII
969 129 1135 161 'morri

212 245 396 296 locuples
421 246 553 284 hostis
579 249 652 293 cst,
675 245 789 283 avari
808 260 815 289 ;
848 245 883 283 si
912 257 1080 295 pauper,
1103 244 1325 293 ambitiosi,
1348 258 1449 295 quos
1469 257 1552 283 non

212 316 372 363 Oriens,
394 329 476 353 non
498 315 699 354 Occidens
722 315 964 353 satiaverit:
1002 315 1078 353 soli
1104 315 1285 353 omnium
1309 327 1406 365 opes
1428 319 1551 365 atque

212 386 393 436 inopiam
431 386 519 436 pari
555 386 723 423 adfectu
758 386 1066 436 concupiscunt.
1139 386 1318 423 Auferre
1344 385 1551 424 trucidare

211 469 354 506 rapere
375 456 496 494 falsis
517 456 754 494 nominibus
775 456 1009 506 imperium,
1032 460 1158 506 atque
1179 456 1250 494 nbi
1281 455 1551 494 solitudinem

173 533 192 560 5
211 527 385 575 faciunt,
408 539 550 576 pacem
572 526 813 576 adpellant.⁷

264 597 326 636 31.
370 597 564 635 ‘Liberos
586 597 733 646 cuique
758 609 804 634 ac
829 597 1084 647 propinquos
1107 610 1201 635 suos
1222 600 1372 634 natura
1391 597 1551 635 carissi-

212 681 298 705 mos
316 680 404 706 esse
422 667 575 705 voluit:
598 667 641 704 hi
659 679 730 716 per
747 667 923 705 dilectus
945 667 1045 705 alibi
1063 667 1259 705 servituri
1282 668 1548 705 auferuntur:

211 738 405 786 coniuges
428 750 668 787 sororesque
691 737 816 775 etiam
834 737 869 775 si
885 737 1082 775 hostilem
1099 737 1318 775 libidinem
1336 737 1550 785 effugiant,

211 808 376 846 nomine
416 808 638 846 amicorum
683 812 808 857 atque
851 807 1064 857 hospitum
1108 807 1363 858 polluuntur.
1437 808 1553 846 Bona

156 885 192 914 10
210 879 486 928 fortunaeque
520 878 565 915 in
598 878 814 925 tributum,
847 891 943 926 ager
977 882 1101 928 atque
1137 891 1268 916 annus
1299 878 1342 915 in
1372 878 1553 915 frumen—

212 954 311 997 tum,
340 961 511 998 corpora
542 949 634 998 ipsa
663 961 708 986 ac
739 961 886 986 manus
918 948 1037 986 silvis
1068 961 1114 986 ac
1144 948 1367 998 paludibus
1398 948 1553 985 emuni-

212 1019 329 1057 endis
361 1019 469 1056 inter
500 1019 671 1056 verbera
706 1031 751 1056 ac
786 1018 1060 1056 contumelias
1100 1023 1381 1057 conteruntur.
1439 1019 1553 1056 Nata

212 1089 405 1128 servituti
433 1089 642 1138 mancipia
668 1089 795 1127 semel
816 1093 1011 1136 veneunt,
1034 1092 1158 1139 atque
1186 1088 1295 1126 ultro
1322 1101 1346 1126 a
1371 1088 1549 1126 dominis

212 1160 401 1198 aluntur:
436 1159 655 1197 Britannia
676 1159 920 1196 servitutem
949 1172 1065 1197 suam
1091 1159 1243 1197 cotidie
1265 1158 1376 1207 emit,
1398 1158 1549 1196 cotidie

158 1240 192 1268 15
211 1230 355 1280 pascit.
412 1230 472 1267 Ac
501 1229 608 1267 sicut
636 1229 678 1266 in
700 1229 865 1267 familia
886 1229 1197 1267 recentissimus
1223 1229 1398 1279 quisque
1420 1241 1553 1267 servo-

212 1313 300 1337 rum
319 1300 443 1338 etiam
461 1299 672 1338 conservis
689 1299 871 1337 ludibrio
888 1303 962 1347 est,
981 1299 1039 1337 sic
1060 1299 1103 1336 in
1124 1299 1200 1337 hoc
1221 1299 1331 1337 orbis
1348 1302 1550 1337 terrarum

212 1374 350 1408 vetere
372 1370 580 1408 famulatu
609 1370 706 1407 novi
737 1383 811 1408 nos
837 1374 878 1407 et
905 1370 1011 1407 viles
1032 1370 1076 1407 111
1104 1369 1313 1407 excidium
1345 1369 1545 1419 petimur,

211 1454 344 1490 neque
366 1441 473 1478 0111111
498 1454 595 1478 arva
617 1441 735 1478 nobis
753 1444 825 1478 aut
842 1440 1012 1478 metalla
1027 1444 1098 1479 aut
1115 1443 1258 1490 portus
1276 1443 1384 1488 sunt,
1402 1440 1551 1489 quibus

212 1512 453 1552 exercendis
480 1524 747 1549 reservemur.
797 1511 944 1549 Virtus
973 1523 1095 1561 porro
1116 1523 1161 1548 ac
1183 1510 1337 1548 ferocia
1353 1510 1552 1548 subiecto-

155 1591 192 1619 20
211 1595 302 1619 rum
331 1582 496 1630 ingrata
524 1581 850 1631 imperantibus,
886 1585 928 1619 et
957 1581 1241 1631 longinquitas
1272 1593 1318 1619 ac
1348 1584 1551 1619 secretum

211 1653 347 1702 ipsum
372 1665 454 1702 (1110
480 1652 625 1697 tutius,
648 1664 695 1689 eo
723 1651 966 1701 suspectius.
1027 1651 1095 1689 Ita
1125 1651 1288 1689 sublata
1313 1663 1384 1701 spe
1406 1651 1550 1689 veniae

212 1723 379 1760 tandem
411 1722 560 1760 sumite
591 1722 787 1769 animum,
810 1725 895 1759 tam
927 1722 1077 1771 quibus
1103 1721 1214 1759 salus
1245 1723 1369 1771 quam
1399 1721 1549 1771 quibus

213 1793 344 1841 gloria
381 1792 595 1831 carissima
633 1796 705 1830 est.
780 1792 1001 1841 Brigantes
1040 1778 1199 1829 femina
1238 1792 1339 1829 duee
1379 1803 1549 1829 exurere

211 1863 427 1911 coloniam,
449 1875 687 1913 expugnare
709 1866 855 1908 castra,
878 1874 924 1900 ac
948 1862 1029 1900 nisi
1052 1862 1234 1900 felicitas
1255 1862 1299 1899 111
1321 1862 1549 1900 socordiam

154 1945 191 1973 25
212 1934 418 1981 vertisset,
441 1946 589 1970 exuere
614 1933 757 1982 iugum
787 1936 980 1982 potuere:
1012 1945 1086 1970 nos
1117 1931 1269 1981 integri
1294 1935 1336 1969 et
1355 1931 1549 1970 indomiti

212 2008 252 2041 et
279 2004 321 2041 in
350 2004 598 2049 libertatem,
620 2016 702 2041 non
724 2003 767 2040 in
788 2003 1089 2053 paenitentiam
1114 2015 1228 2041 arma
1254 2002 1392 2050 laturi,
1415 2002 1549 2052 primo

212 2074 354 2112 statim
384 2086 608 2122 congressu
637 2073 915 2121 ostendamus,
945 2086 1046 2123 quos
1078 2072 1157 2111 sibi
1187 2072 1413 2111 Caledonia
1436 2072 1548 2110 viros

212 2145 467 2194 seposuerit)

264 2214 327 2253 32.
366 2215 454 2252 ‘An
485 2215 658 2253 eandem
688 2214 888 2252 Romanis
919 2214 962 2251 in
991 2213 1101 2252 bello
1128 2213 1325 2251 virtutem
1352 2225 1477 2263 quam
1504 2212 1547 2250 in

154 2298 191 2326 30
210 2298 308 2335 pace
334 2285 549 2323 lasciviam
572 2285 715 2323 adesse
737 2284 907 2323 creditis
923 2286 943 2322 ἶ)
999 2284 1166 2322 Nostris
1194 2283 1259 2321 illi
1284 2282 1548 2322 dissensioni-

210 2356 285 2394 bus
307 2368 352 2393 ac
374 2355 592 2393 discordiis
614 2355 714 2393 clari
736 2355 840 2393 vitia
863 2354 1044 2393 hostium
1072 2354 1114 2391 in
1141 2354 1315 2402 gloriam
1340 2353 1546 2391 exercitus

211 2426 273 2463 sui
298 2429 487 2473 vertunt,
520 2438 641 2474 quem
670 2428 927 2463 contractum
956 2437 1005 2462 ex
1034 2424 1331 2462 diversissimis
1353 2423 1546 2472 gentibus
