1747 2764
213 138 236 177 6
634 145 668 175 1).
708 143 937 175 rummaldi
970 143 1135 174 'sacrm

213 259 280 298 Ita
319 259 473 297 virtute
514 259 555 296 in
595 260 870 309 obsequendo,
905 258 1154 297 verecundia
1194 260 1235 296 in
1276 258 1552 309 praedicando

213 334 332 368 extra
361 329 563 367 invidiam
594 342 668 367 neo
699 333 817 368 extra
846 330 1019 379 gloriam
1051 332 1148 367 erat.

245 400 302 454 &9-
344 401 638 438 Revertentem
670 400 721 438 ab
754 400 959 449 legatione
991 399 1166 449 legionis
1198 400 1331 438 Divus
1366 400 1554 449 Vespasi-

214 484 316 509 anus
359 470 468 508 inter
512 470 709 520 patricios
758 470 958 519 adscivit,
1018 483 1062 508 ae
1115 470 1263 508 deinde
1316 470 1552 520 provinciae

176 541 468 591 5Aquitaniae
516 540 767 590 praeposuit,
808 541 1050 591 splendidae
1085 540 1288 591 imprimis
1335 540 1554 590 dignitatis

214 611 577 649 administratione
610 624 655 649 ao
686 623 759 661 spe
789 611 1041 659 consulatus,
1067 611 1133 649 eui
1164 611 1404 649 destinarat.
1465 612 1555 649 Ore-

215 682 318 719 ‹lunt
350 682 537 731 plerique
572 681 825 720 militaribus
865 681 1043 729 ingeniis
1083 681 1358 719 subtilitatem
1399 681 1552 730 deesse,

215 753 313 802 quia
351 753 575 791 vasti-ensis
614 752 847 791 iurisdictio
883 765 1026 791 secura
1060 755 1101 790 et
1136 752 1320 790 obtusior
1354 764 1399 791 ae
1434 752 1555 802 plura

215 835 340 860 manu
378 835 504 871 agens
544 822 817 860 calliditatem
854 823 935 860 fori
974 835 1057 860 non
1090 826 1291 860 exerceat.
1348 822 1555 871 -Agrieola

161 904 196 931 10
215 893 394 931 naturali
419 893 652 942 prudentia.
676 893 867 942 quamvis
892 893 1001 931 inter
1022 896 1196 941 togatos,
1219 893 1341 930 facile
1364 893 1554 943 iusteque

215 964 372 1012 agebat.
452 964 539 1001 Iam
579 976 675 1001 vero
718 967 906 1013 tempora
948 976 1137 1001 curarum
1182 963 1553 1013 remissionumque

215 1034 371 1072 divisa:
398 1034 469 1072 ubi
486 1038 714 1072 conventus
732 1047 777 1072 ae
794 1034 950 1072 iudicia
966 1037 1193 1083 poscerent,
1212 1033 1349 1082 gravis
1366 1033 1553 1071 intentus

216 1116 394 1149 severus,
427 1108 467 1142 et
498 1104 662 1154 saepius
698 1104 953 1142 misericors:
989 1104 1060 1142 ubi
1090 1103 1222 1141 officio
1252 1103 1354 1142 satis
1382 1104 1552 1150 factum,

216 1174 332 1212 nulla
370 1174 481 1212 ultra
519 1174 740 1224 potestatis
780 1186 980 1224 persona,
1030 1174 1249 1212 tristitiam
1285 1178 1325 1212 et
1359 1174 1555 1223 adrogan—

159 1254 194 1283 15
215 1243 317 1282 tiam
352 1251 393 1282 et
427 1244 645 1282 avaritiam
678 1249 859 1282 exuerat.
930 1245 1018 1282 Nee
1050 1244 1126 1293 illi,
1161 1245 1272 1294 quod
1303 1248 1367 1282 est
1399 1244 1555 1283 rarissi-

215 1326 339 1361 mum,
371 1317 442 1350 aut
480 1312 664 1351 facilitas
704 1313 995 1351 auctoritatem
1035 1316 1107 1351 aut
1142 1313 1341 1351 severitas
1373 1326 1553 1352 amorem

215 1383 428 1421 deminuit.
487 1383 777 1432 Integritatem
800 1388 923 1433 atque
945 1383 1242 1422 abstinentiam
1263 1383 1307 1421 in
1327 1387 1445 1422 tanto
1465 1384 1555 1422 viro

215 1454 368 1491 referre
397 1453 550 1491 iniuria
578 1453 780 1491 virtutum
810 1453 948 1491 fuerit.
1018 1454 1082 1491 Ne
1104 1454 1259 1492 famam
1287 1454 1467 1504 quidem,
1489 1454 1554 1492 eui

215 1536 336 1573 saepe
369 1524 493 1561 etiam
528 1524 622 1561 boni
659 1524 890 1572 indulgent,
914 1524 1163 1562 ostentanda
1197 1524 1351 1562 virtute
1383 1529 1454 1563 aut
1481 1538 1553 1575 per

157 1606 195 1634 20
214 1599 345 1632 artem
375 1594 605 1643 quaesivit:
648 1594 788 1644 proeul
821 1594 871 1632 ab
903 1594 1178 1632 aemulatione
1211 1594 1409 1633 adversus
1425 1595 1555 1633 eonle-

214 1677 297 1713 gas,
315 1664 456 1714 proeul
481 1677 504 1702 a
524 1664 788 1702 contentione
810 1664 1007 1702 adversus
1030 1668 1315 1714 procuratores
1333 1669 1373 1703 et
1390 1665 1553 1703 vincere

215 1734 437 1783 inglorium
472 1739 513 1772 et
535 1734 669 1772 adteri
705 1734 916 1773 sordidum
952 1734 1240 1773 arbitrabatur.
1314 1735 1455 1773 Minus
1485 1735 1554 1773 tri-

215 1804 383 1842 ennium
404 1805 447 1842 in
469 1818 516 1843 ea
535 1805 741 1853 legatione
763 1805 954 1843 detentus
976 1817 1022 1843 ae
1045 1805 1184 1843 statim
1209 1805 1259 1843 ad
1282 1817 1396 1855 spem
1413 1818 1554 1843 eonsu-

214 1875 323 1913 latus
363 1880 578 1913 revocatus
617 1879 691 1919 est,
722 1875 947 1914 eomitante
987 1875 1179 1925 opinione
1220 1875 1482 1913 Britanniam
1516 1875 1553 1913 ei

157 1963 193 1990 25
213 1945 470 1995 provinciam
496 1946 598 1991 dari,
622 1945 748 1983 nullis
777 1945 820 1982 in
847 1945 923 1983 hoe
952 1945 1038 1983 suis
1066 1945 1337 1994 sermonibus,
1361 1945 1432 1983 sed
1455 1945 1553 1995 quia

214 2028 289 2065 par
311 2016 539 2054 videbatur.

363 2105 489 2141 Ham]
509 2104 662 2152 seraper
682 2110 788 2142 errat
811 2105 961 2152 fdmcm
992 2105 1212 2151 aliquando
1234 2109 1267 2140 et
1287 2103 1407 2153 ὁῖέῃῖῖ.

214 2190 367 2228 Consul
398 2190 585 2239 egregiae
616 2194 703 2228 tum
736 2190 824 2240 spei
856 2190 986 2228 filiam
1017 2190 1156 2227 iuveni
1192 2189 1294 2227 mihi
1330 2189 1552 2239 despondit

214 2272 258 2297 ao
288 2264 383 2310 post
404 2260 666 2298 consulatum
687 2260 931 2308 conlocavit,
949 2264 990 2297 et
1011 2259 1153 2298 statim
1176 2259 1418 2298 Britanniae
1440 2272 1554 2309 prae-

157 2347 194 2374 30
214 2330 374 2380 positus
397 2334 471 2378 est,
494 2330 655 2368 adiecto
676 2330 943 2380 pontificatus
965 2329 1203 2368 sacerdotio.
