<?xml version="1.0" encoding="UTF-8"?>
<!DOCTYPE html PUBLIC "-//W3C//DTD XHTML 1.0 Transitional//EN"
    "http://www.w3.org/TR/xhtml1/DTD/xhtml1-transitional.dtd">
<html xmlns="http://www.w3.org/1999/xhtml" xml:lang="en" lang="en">
 <head>
  <title>
</title>
<meta http-equiv="Content-Type" content="text/html;charset=utf-8" />
  <meta name='ocr-system' content='tesseract 3.04.00' />
  <meta name='ocr-capabilities' content='ocr_page ocr_carea ocr_par ocr_line ocrx_word'/>
</head>
<body>
  <div class='ocr_page' id='page_1' title='image "./devitaetmoribusj00taciuoft_0096.png"; bbox 0 0 1747 2764; ppageno 0'>
   <div class='ocr_carea' id='block_1_1' title="bbox 201 119 1115 160">
    <p class='ocr_par' dir='ltr' id='par_1_1' title="bbox 201 119 1115 160">
     <span class='ocr_line' id='line_1_1' title="bbox 201 119 1115 160; baseline -0.005 0"><span class='ocrx_word' id='word_1_1' title='bbox 201 119 254 160; x_wconf 74' lang='lat'>16</span> <span class='ocrx_word' id='word_1_2' title='bbox 617 125 654 155; x_wconf 86' lang='lat' dir='ltr'>P.</span> <span class='ocrx_word' id='word_1_3' title='bbox 685 123 917 156; x_wconf 78' lang='lat' dir='ltr'>CORNELII</span> <span class='ocrx_word' id='word_1_4' title='bbox 948 123 1115 156; x_wconf 81' lang='lat' dir='ltr'>TACITI</span> 
     </span>
    </p>
   </div>
   <div class='ocr_carea' id='block_1_2' title="bbox 145 238 1549 2464">
    <p class='ocr_par' dir='ltr' id='par_1_2' title="bbox 145 238 1549 2464">
     <span class='ocr_line' id='line_1_2' title="bbox 201 238 1541 290; baseline -0.004 -9"><span class='ocrx_word' id='word_1_5' title='bbox 201 255 269 281; x_wconf 86' lang='lat' dir='ltr'>sus</span> <span class='ocrx_word' id='word_1_6' title='bbox 290 242 453 290; x_wconf 77' lang='lat' dir='ltr'>ignotas</span> <span class='ocrx_word' id='word_1_7' title='bbox 471 241 524 279; x_wconf 74' lang='lat' dir='ltr'>acl</span> <span class='ocrx_word' id='word_1_8' title='bbox 545 240 587 277; x_wconf 76' lang='lat' dir='ltr'>id</span> <span class='ocrx_word' id='word_1_9' title='bbox 609 244 773 289; x_wconf 88' lang='lat' dir='ltr'>tempus</span> <span class='ocrx_word' id='word_1_10' title='bbox 796 239 931 288; x_wconf 80' lang='lat' dir='ltr'>gentis</span> <span class='ocrx_word' id='word_1_11' title='bbox 947 238 1102 277; x_wconf 87' lang='lat' dir='ltr'>crebris</span> <span class='ocrx_word' id='word_1_12' title='bbox 1126 238 1250 276; x_wconf 89' lang='lat' dir='ltr'>simul</span> <span class='ocrx_word' id='word_1_13' title='bbox 1271 251 1317 276; x_wconf 85' lang='lat' dir='ltr'>ac</span> <span class='ocrx_word' id='word_1_14' title='bbox 1333 239 1541 289; x_wconf 82' lang='lat' dir='ltr'>prosperis</span> 
     </span>
     <span class='ocr_line' id='line_1_3' title="bbox 199 309 1542 363; baseline -0.004 -12"><span class='ocrx_word' id='word_1_15' title='bbox 199 312 369 363; x_wconf 89' lang='lat' dir='ltr'>proeliis</span> <span class='ocrx_word' id='word_1_16' title='bbox 400 311 582 358; x_wconf 71' lang='lat' dir='ltr'>domuit,</span> <span class='ocrx_word' id='word_1_17' title='bbox 615 322 786 360; x_wconf 87' lang='lat' dir='ltr'>eamque</span> <span class='ocrx_word' id='word_1_18' title='bbox 817 313 979 359; x_wconf 85' lang='lat' dir='ltr'>partem</span> <span class='ocrx_word' id='word_1_19' title='bbox 1002 309 1246 347; x_wconf 75' lang='lat' dir='ltr'>Britanniae</span> <span class='ocrx_word' id='word_1_20' title='bbox 1268 322 1372 359; x_wconf 85' lang='lat' dir='ltr'>quae</span> <span class='ocrx_word' id='word_1_21' title='bbox 1396 309 1542 347; x_wconf 90' lang='lat' dir='ltr'>Hiber-</span> 
     </span>
     <span class='ocr_line' id='line_1_4' title="bbox 200 380 1542 431; baseline -0.001 -11"><span class='ocrx_word' id='word_1_22' title='bbox 200 382 312 420; x_wconf 90' lang='lat' dir='ltr'>niam</span> <span class='ocrx_word' id='word_1_23' title='bbox 334 381 512 431; x_wconf 81' lang='lat' dir='ltr'>adspicit</span> <span class='ocrx_word' id='word_1_24' title='bbox 532 380 662 430; x_wconf 89' lang='lat' dir='ltr'>copiis</span> <span class='ocrx_word' id='word_1_25' title='bbox 699 380 912 428; x_wconf 72' lang='lat' dir='ltr'>instruxit,</span> <span class='ocrx_word' id='word_1_26' title='bbox 944 380 988 417; x_wconf 93' lang='lat' dir='ltr'>in</span> <span class='ocrx_word' id='word_1_27' title='bbox 1023 393 1139 430; x_wconf 88' lang='lat' dir='ltr'>spem</span> <span class='ocrx_word' id='word_1_28' title='bbox 1169 380 1301 428; x_wconf 79' lang='lat' dir='ltr'>magis</span> <span class='ocrx_word' id='word_1_29' title='bbox 1334 393 1457 430; x_wconf 88' lang='lat' dir='ltr'>quam</span> <span class='ocrx_word' id='word_1_30' title='bbox 1492 380 1542 419; x_wconf 92' lang='lat' dir='ltr'>ob</span> 
     </span>
     <span class='ocr_line' id='line_1_5' title="bbox 199 450 1542 501; baseline -0.003 -10"><span class='ocrx_word' id='word_1_31' title='bbox 199 453 479 499; x_wconf 73' lang='lat' dir='ltr'>formidinem,</span> <span class='ocrx_word' id='word_1_32' title='bbox 502 452 536 490; x_wconf 91' lang='lat' dir='ltr'>si</span> <span class='ocrx_word' id='word_1_33' title='bbox 558 451 727 501; x_wconf 84' lang='lat' dir='ltr'>quidem</span> <span class='ocrx_word' id='word_1_34' title='bbox 752 451 959 489; x_wconf 78' lang='lat' dir='ltr'>Hibernia</span> <span class='ocrx_word' id='word_1_35' title='bbox 988 450 1124 488; x_wconf 79' lang='lat' dir='ltr'>medio</span> <span class='ocrx_word' id='word_1_36' title='bbox 1148 451 1258 488; x_wconf 89' lang='lat' dir='ltr'>inter</span> <span class='ocrx_word' id='word_1_37' title='bbox 1279 450 1542 488; x_wconf 77' lang='lat' dir='ltr'>Britanniam</span> 
     </span>
     <span class='ocr_line' id='line_1_6' title="bbox 162 520 1544 573; baseline -0.001 -13"><span class='ocrx_word' id='word_1_38' title='bbox 162 532 180 560; x_wconf 85' lang='lat'>5</span> <span class='ocrx_word' id='word_1_39' title='bbox 200 528 324 573; x_wconf 84' lang='lat' dir='ltr'>atque</span> <span class='ocrx_word' id='word_1_40' title='bbox 346 522 598 572; x_wconf 77' lang='lat' dir='ltr'>Hispaniam</span> <span class='ocrx_word' id='word_1_41' title='bbox 628 522 710 559; x_wconf 87' lang='lat' dir='ltr'>sita</span> <span class='ocrx_word' id='word_1_42' title='bbox 738 525 780 559; x_wconf 91' lang='lat' dir='ltr'>et</span> <span class='ocrx_word' id='word_1_43' title='bbox 811 521 973 560; x_wconf 84' lang='lat' dir='ltr'>Gallico</span> <span class='ocrx_word' id='word_1_44' title='bbox 995 533 1159 571; x_wconf 84' lang='lat' dir='ltr'>quoque</span> <span class='ocrx_word' id='word_1_45' title='bbox 1184 520 1288 559; x_wconf 86' lang='lat' dir='ltr'>mari</span> <span class='ocrx_word' id='word_1_46' title='bbox 1310 524 1544 571; x_wconf 88' lang='lat' dir='ltr'>opportuna</span> 
     </span>
     <span class='ocr_line' id='line_1_7' title="bbox 201 591 1542 642; baseline -0.001 -11"><span class='ocrx_word' id='word_1_47' title='bbox 201 593 531 632; x_wconf 78' lang='lat' dir='ltr'>valentissimam</span> <span class='ocrx_word' id='word_1_48' title='bbox 567 592 731 642; x_wconf 89' lang='lat' dir='ltr'>imperii</span> <span class='ocrx_word' id='word_1_49' title='bbox 767 596 928 642; x_wconf 88' lang='lat' dir='ltr'>partem</span> <span class='ocrx_word' id='word_1_50' title='bbox 964 592 1124 640; x_wconf 81' lang='lat' dir='ltr'>magnis</span> <span class='ocrx_word' id='word_1_51' title='bbox 1155 591 1200 628; x_wconf 89' lang='lat' dir='ltr'>in</span> <span class='ocrx_word' id='word_1_52' title='bbox 1231 591 1362 629; x_wconf 83' lang='lat' dir='ltr'>vicem</span> <span class='ocrx_word' id='word_1_53' title='bbox 1397 591 1542 630; x_wconf 88' lang='lat' dir='ltr'>usibus</span> 
     </span>
     <span class='ocr_line' id='line_1_8' title="bbox 200 662 1544 713; baseline -0.002 -11"><span class='ocrx_word' id='word_1_54' title='bbox 200 664 423 703; x_wconf 83' lang='lat' dir='ltr'>miscuerit.</span> <span class='ocrx_word' id='word_1_55' title='bbox 484 663 675 713; x_wconf 75' lang='lat' dir='ltr'>Spatium</span> <span class='ocrx_word' id='word_1_56' title='bbox 704 663 805 710; x_wconf 81' lang='lat' dir='ltr'>eius,</span> <span class='ocrx_word' id='word_1_57' title='bbox 838 663 872 700; x_wconf 88' lang='lat' dir='ltr'>si</span> <span class='ocrx_word' id='word_1_58' title='bbox 903 662 1147 700; x_wconf 83' lang='lat' dir='ltr'>Britanniae</span> <span class='ocrx_word' id='word_1_59' title='bbox 1174 666 1448 712; x_wconf 76' lang='lat' dir='ltr'>comparetur,</span> <span class='ocrx_word' id='word_1_60' title='bbox 1477 674 1544 700; x_wconf 89' lang='lat' dir='ltr'>an—</span> 
     </span>
     <span class='ocr_line' id='line_1_9' title="bbox 202 733 1542 784; baseline -0.002 -11"><span class='ocrx_word' id='word_1_61' title='bbox 202 735 375 784; x_wconf 80' lang='lat' dir='ltr'>gustius,</span> <span class='ocrx_word' id='word_1_62' title='bbox 402 734 533 772; x_wconf 87' lang='lat' dir='ltr'>nostri</span> <span class='ocrx_word' id='word_1_63' title='bbox 559 733 685 771; x_wconf 88' lang='lat' dir='ltr'>maris</span> <span class='ocrx_word' id='word_1_64' title='bbox 710 733 869 771; x_wconf 84' lang='lat' dir='ltr'>insulas</span> <span class='ocrx_word' id='word_1_65' title='bbox 896 736 1076 783; x_wconf 89' lang='lat' dir='ltr'>superat.</span> <span class='ocrx_word' id='word_1_66' title='bbox 1138 733 1279 771; x_wconf 82' lang='lat' dir='ltr'>Solum</span> <span class='ocrx_word' id='word_1_67' title='bbox 1300 733 1542 783; x_wconf 82' lang='lat' dir='ltr'>caelumque</span> 
     </span>
     <span class='ocr_line' id='line_1_10' title="bbox 202 803 1544 854; baseline -0.002 -11"><span class='ocrx_word' id='word_1_68' title='bbox 202 810 242 844; x_wconf 89' lang='lat' dir='ltr'>et</span> <span class='ocrx_word' id='word_1_69' title='bbox 262 805 430 854; x_wconf 80' lang='lat' dir='ltr'>ingenia</span> <span class='ocrx_word' id='word_1_70' title='bbox 450 805 669 854; x_wconf 82' lang='lat' dir='ltr'>cultusque</span> <span class='ocrx_word' id='word_1_71' title='bbox 699 804 915 841; x_wconf 88' lang='lat' dir='ltr'>hominum</span> <span class='ocrx_word' id='word_1_72' title='bbox 945 804 1056 841; x_wconf 80' lang='lat' dir='ltr'>haud</span> <span class='ocrx_word' id='word_1_73' title='bbox 1080 803 1258 841; x_wconf 89' lang='lat' dir='ltr'>multum</span> <span class='ocrx_word' id='word_1_74' title='bbox 1280 816 1304 841; x_wconf 89' lang='lat' dir='ltr'>a</span> <span class='ocrx_word' id='word_1_75' title='bbox 1326 803 1544 841; x_wconf 83' lang='lat' dir='ltr'>Britannia</span> 
     </span>
     <span class='ocr_line' id='line_1_11' title="bbox 145 873 1545 927; baseline -0.002 -13"><span class='ocrx_word' id='word_1_76' title='bbox 145 883 181 911; x_wconf 83' lang='lat'>10</span> <span class='ocrx_word' id='word_1_77' title='bbox 202 876 402 914; x_wconf 81' lang='lat' dir='ltr'>differunt</span> <span class='ocrx_word' id='word_1_78' title='bbox 425 875 490 926; x_wconf 88' lang='lat' dir='ltr'>[in</span> <span class='ocrx_word' id='word_1_79' title='bbox 511 875 698 927; x_wconf 67' lang='lat' dir='ltr'>melius]</span> <span class='ocrx_word' id='word_1_80' title='bbox 766 874 921 912; x_wconf 83' lang='lat' dir='ltr'>Aditus</span> <span class='ocrx_word' id='word_1_81' title='bbox 943 878 1168 923; x_wconf 84' lang='lat' dir='ltr'>portusque</span> <span class='ocrx_word' id='word_1_82' title='bbox 1197 886 1269 924; x_wconf 90' lang='lat' dir='ltr'>per</span> <span class='ocrx_word' id='word_1_83' title='bbox 1314 873 1545 912; x_wconf 87' lang='lat' dir='ltr'>conmercia</span> 
     </span>
     <span class='ocr_line' id='line_1_12' title="bbox 202 943 1543 995; baseline -0.002 -10"><span class='ocrx_word' id='word_1_84' title='bbox 202 951 243 985; x_wconf 87' lang='lat' dir='ltr'>et</span> <span class='ocrx_word' id='word_1_85' title='bbox 285 947 563 995; x_wconf 78' lang='lat' dir='ltr'>negotiatores</span> <span class='ocrx_word' id='word_1_86' title='bbox 605 945 771 993; x_wconf 84' lang='lat' dir='ltr'>cogniti.</span> <span class='ocrx_word' id='word_1_87' title='bbox 842 944 1038 993; x_wconf 82' lang='lat' dir='ltr'>Agricola</span> <span class='ocrx_word' id='word_1_88' title='bbox 1078 944 1297 994; x_wconf 83' lang='lat' dir='ltr'>expulsum</span> <span class='ocrx_word' id='word_1_89' title='bbox 1340 943 1543 982; x_wconf 82' lang='lat' dir='ltr'>seditione</span> 
     </span>
     <span class='ocr_line' id='line_1_13' title="bbox 202 1014 1544 1065; baseline -0.003 -9"><span class='ocrx_word' id='word_1_90' title='bbox 202 1018 429 1056; x_wconf 86' lang='lat' dir='ltr'>domestica</span> <span class='ocrx_word' id='word_1_91' title='bbox 460 1030 588 1054; x_wconf 88' lang='lat' dir='ltr'>unum</span> <span class='ocrx_word' id='word_1_92' title='bbox 621 1029 671 1054; x_wconf 85' lang='lat' dir='ltr'>ex</span> <span class='ocrx_word' id='word_1_93' title='bbox 705 1016 862 1065; x_wconf 78' lang='lat' dir='ltr'>regulis</span> <span class='ocrx_word' id='word_1_94' title='bbox 905 1016 1041 1064; x_wconf 78' lang='lat' dir='ltr'>gentis</span> <span class='ocrx_word' id='word_1_95' title='bbox 1083 1019 1302 1065; x_wconf 86' lang='lat' dir='ltr'>exceperat</span> <span class='ocrx_word' id='word_1_96' title='bbox 1332 1027 1377 1053; x_wconf 85' lang='lat' dir='ltr'>ac</span> <span class='ocrx_word' id='word_1_97' title='bbox 1407 1014 1544 1065; x_wconf 88' lang='lat' dir='ltr'>specie</span> 
     </span>
     <span class='ocr_line' id='line_1_14' title="bbox 202 1085 1544 1136; baseline -0.003 -10"><span class='ocrx_word' id='word_1_98' title='bbox 202 1088 412 1127; x_wconf 77' lang='lat' dir='ltr'>amicitiae</span> <span class='ocrx_word' id='word_1_99' title='bbox 447 1088 490 1125; x_wconf 90' lang='lat' dir='ltr'>in</span> <span class='ocrx_word' id='word_1_100' title='bbox 517 1087 773 1125; x_wconf 70' lang='lat' dir='ltr'>occasionem</span> <span class='ocrx_word' id='word_1_101' title='bbox 808 1086 1025 1124; x_wconf 86' lang='lat' dir='ltr'>retinebat.</span> <span class='ocrx_word' id='word_1_102' title='bbox 1087 1086 1216 1136; x_wconf 79' lang='lat' dir='ltr'>Saepe</span> <span class='ocrx_word' id='word_1_103' title='bbox 1251 1098 1301 1123; x_wconf 87' lang='lat' dir='ltr'>ex</span> <span class='ocrx_word' id='word_1_104' title='bbox 1329 1098 1375 1123; x_wconf 90' lang='lat' dir='ltr'>eo</span> <span class='ocrx_word' id='word_1_105' title='bbox 1402 1085 1544 1123; x_wconf 84' lang='lat' dir='ltr'>audivi</span> 
     </span>
     <span class='ocr_line' id='line_1_15' title="bbox 202 1155 1544 1207; baseline -0.004 -10"><span class='ocrx_word' id='word_1_106' title='bbox 202 1159 364 1207; x_wconf 75' lang='lat' dir='ltr'>legione</span> <span class='ocrx_word' id='word_1_107' title='bbox 402 1171 486 1196; x_wconf 88' lang='lat' dir='ltr'>una</span> <span class='ocrx_word' id='word_1_108' title='bbox 523 1161 564 1195; x_wconf 91' lang='lat' dir='ltr'>et</span> <span class='ocrx_word' id='word_1_109' title='bbox 602 1157 776 1195; x_wconf 79' lang='lat' dir='ltr'>modicis</span> <span class='ocrx_word' id='word_1_110' title='bbox 816 1156 985 1194; x_wconf 81' lang='lat' dir='ltr'>auxiliis</span> <span class='ocrx_word' id='word_1_111' title='bbox 1034 1156 1235 1194; x_wconf 83' lang='lat' dir='ltr'>debellari</span> <span class='ocrx_word' id='word_1_112' title='bbox 1283 1155 1544 1205; x_wconf 87' lang='lat' dir='ltr'>obtinerique</span> 
     </span>
     <span class='ocr_line' id='line_1_16' title="bbox 147 1226 1546 1278; baseline -0.001 -12"><span class='ocrx_word' id='word_1_113' title='bbox 147 1238 183 1266; x_wconf 90' lang='lat'>15</span> <span class='ocrx_word' id='word_1_114' title='bbox 203 1229 451 1267; x_wconf 83' lang='lat' dir='ltr'>Hiberniam</span> <span class='ocrx_word' id='word_1_115' title='bbox 473 1240 616 1278; x_wconf 89' lang='lat' dir='ltr'>posse;</span> <span class='ocrx_word' id='word_1_116' title='bbox 648 1228 773 1277; x_wconf 82' lang='lat' dir='ltr'>idque</span> <span class='ocrx_word' id='word_1_117' title='bbox 798 1227 923 1265; x_wconf 86' lang='lat' dir='ltr'>etiam</span> <span class='ocrx_word' id='word_1_118' title='bbox 948 1227 1144 1264; x_wconf 81' lang='lat' dir='ltr'>adversus</span> <span class='ocrx_word' id='word_1_119' title='bbox 1173 1226 1436 1264; x_wconf 82' lang='lat' dir='ltr'>Britanniam</span> <span class='ocrx_word' id='word_1_120' title='bbox 1459 1238 1546 1275; x_wconf 91' lang='lat' dir='ltr'>pro-</span> 
     </span>
     <span class='ocr_line' id='line_1_17' title="bbox 204 1296 1543 1348; baseline -0.003 -11"><span class='ocrx_word' id='word_1_121' title='bbox 204 1301 405 1347; x_wconf 78' lang='lat' dir='ltr'>futurum,</span> <span class='ocrx_word' id='word_1_122' title='bbox 438 1299 472 1337; x_wconf 91' lang='lat' dir='ltr'>si</span> <span class='ocrx_word' id='word_1_123' title='bbox 503 1300 692 1336; x_wconf 82' lang='lat' dir='ltr'>Romana</span> <span class='ocrx_word' id='word_1_124' title='bbox 719 1297 873 1348; x_wconf 87' lang='lat' dir='ltr'>ubique</span> <span class='ocrx_word' id='word_1_125' title='bbox 911 1310 1026 1335; x_wconf 88' lang='lat' dir='ltr'>arma</span> <span class='ocrx_word' id='word_1_126' title='bbox 1055 1301 1096 1334; x_wconf 90' lang='lat' dir='ltr'>et</span> <span class='ocrx_word' id='word_1_127' title='bbox 1126 1296 1243 1334; x_wconf 86' lang='lat' dir='ltr'>velut</span> <span class='ocrx_word' id='word_1_128' title='bbox 1273 1309 1293 1334; x_wconf 94' lang='lat' dir='ltr'>e</span> <span class='ocrx_word' id='word_1_129' title='bbox 1323 1300 1543 1346; x_wconf 85' lang='lat' dir='ltr'>conspectu</span> 
     </span>
     <span class='ocr_line' id='line_1_18' title="bbox 204 1370 625 1408; baseline -0.005 0"><span class='ocrx_word' id='word_1_130' title='bbox 204 1371 374 1408; x_wconf 87' lang='lat' dir='ltr'>libertas</span> <span class='ocrx_word' id='word_1_131' title='bbox 395 1370 625 1408; x_wconf 88' lang='lat' dir='ltr'>tolleretur.</span> 
     </span>
     <span class='ocr_line' id='line_1_19' title="bbox 257 1436 1547 1489; baseline -0.004 -10"><span class='ocrx_word' id='word_1_132' title='bbox 257 1440 320 1480; x_wconf 87' lang='grc'>25.</span> <span class='ocrx_word' id='word_1_133' title='bbox 362 1441 552 1479; x_wconf 87' lang='lat' dir='ltr'>Ceterum</span> <span class='ocrx_word' id='word_1_134' title='bbox 577 1443 746 1487; x_wconf 83' lang='lat' dir='ltr'>aestate,</span> <span class='ocrx_word' id='word_1_135' title='bbox 769 1451 852 1489; x_wconf 87' lang='lat' dir='ltr'>qua</span> <span class='ocrx_word' id='word_1_136' title='bbox 872 1442 1035 1476; x_wconf 88' lang='lat' dir='ltr'>sextum</span> <span class='ocrx_word' id='word_1_137' title='bbox 1057 1437 1180 1476; x_wconf 85' lang='lat' dir='ltr'>officii</span> <span class='ocrx_word' id='word_1_138' title='bbox 1204 1450 1359 1475; x_wconf 87' lang='lat' dir='ltr'>annum</span> <span class='ocrx_word' id='word_1_139' title='bbox 1384 1436 1547 1474; x_wconf 88' lang='lat' dir='ltr'>incoha—</span> 
     </span>
     <span class='ocr_line' id='line_1_20' title="bbox 203 1507 1545 1560; baseline -0.004 -10"><span class='ocrx_word' id='word_1_140' title='bbox 203 1512 286 1557; x_wconf 85' lang='lat' dir='ltr'>bat,</span> <span class='ocrx_word' id='word_1_141' title='bbox 304 1511 518 1560; x_wconf 78' lang='lat' dir='ltr'>amplexus</span> <span class='ocrx_word' id='word_1_142' title='bbox 540 1510 734 1547; x_wconf 81' lang='lat' dir='ltr'>civitates</span> <span class='ocrx_word' id='word_1_143' title='bbox 755 1513 871 1547; x_wconf 90' lang='lat' dir='ltr'>trans</span> <span class='ocrx_word' id='word_1_144' title='bbox 893 1508 1137 1546; x_wconf 78' lang='lat' dir='ltr'>Bodotriam</span> <span class='ocrx_word' id='word_1_145' title='bbox 1158 1508 1272 1555; x_wconf 88' lang='lat' dir='ltr'>sitas,</span> <span class='ocrx_word' id='word_1_146' title='bbox 1290 1507 1389 1557; x_wconf 83' lang='lat' dir='ltr'>quia</span> <span class='ocrx_word' id='word_1_147' title='bbox 1409 1511 1545 1545; x_wconf 85' lang='lat' dir='ltr'>motus</span> 
     </span>
     <span class='ocr_line' id='line_1_21' title="bbox 147 1577 1544 1629; baseline -0.004 -8"><span class='ocrx_word' id='word_1_148' title='bbox 147 1594 185 1622; x_wconf 78' lang='lat'>20</span> <span class='ocrx_word' id='word_1_149' title='bbox 203 1582 492 1620; x_wconf 87' lang='lat' dir='ltr'>universarum</span> <span class='ocrx_word' id='word_1_150' title='bbox 515 1580 625 1618; x_wconf 85' lang='lat' dir='ltr'>ultra</span> <span class='ocrx_word' id='word_1_151' title='bbox 652 1579 837 1629; x_wconf 80' lang='lat' dir='ltr'>gentium</span> <span class='ocrx_word' id='word_1_152' title='bbox 868 1582 909 1617; x_wconf 89' lang='lat' dir='ltr'>et</span> <span class='ocrx_word' id='word_1_153' title='bbox 939 1579 1097 1617; x_wconf 77' lang='lat' dir='ltr'>infesta</span> <span class='ocrx_word' id='word_1_154' title='bbox 1124 1578 1313 1616; x_wconf 85' lang='lat' dir='ltr'>hostibus</span> <span class='ocrx_word' id='word_1_155' title='bbox 1340 1577 1544 1616; x_wconf 87' lang='lat' dir='ltr'>exercitus</span> 
     </span>
     <span class='ocr_line' id='line_1_22' title="bbox 204 1647 1548 1700; baseline -0.004 -10"><span class='ocrx_word' id='word_1_156' title='bbox 204 1653 357 1690; x_wconf 88' lang='lat' dir='ltr'>itinera</span> <span class='ocrx_word' id='word_1_157' title='bbox 385 1651 571 1697; x_wconf 88' lang='lat' dir='ltr'>timebat,</span> <span class='ocrx_word' id='word_1_158' title='bbox 594 1654 738 1700; x_wconf 82' lang='lat' dir='ltr'>portus</span> <span class='ocrx_word' id='word_1_159' title='bbox 768 1650 899 1688; x_wconf 88' lang='lat' dir='ltr'>classe</span> <span class='ocrx_word' id='word_1_160' title='bbox 929 1649 1183 1699; x_wconf 88' lang='lat' dir='ltr'>exploravit;</span> <span class='ocrx_word' id='word_1_161' title='bbox 1215 1660 1319 1698; x_wconf 89' lang='lat' dir='ltr'>quae</span> <span class='ocrx_word' id='word_1_162' title='bbox 1351 1648 1403 1686; x_wconf 85' lang='lat' dir='ltr'>ab</span> <span class='ocrx_word' id='word_1_163' title='bbox 1430 1647 1548 1696; x_wconf 79' lang='lat' dir='ltr'>Agri-</span> 
     </span>
     <span class='ocr_line' id='line_1_23' title="bbox 206 1718 1547 1772; baseline -0.004 -11"><span class='ocrx_word' id='word_1_164' title='bbox 206 1723 295 1761; x_wconf 90' lang='lat' dir='ltr'>cola</span> <span class='ocrx_word' id='word_1_165' title='bbox 332 1722 512 1772; x_wconf 87' lang='lat' dir='ltr'>primum</span> <span class='ocrx_word' id='word_1_166' title='bbox 552 1721 774 1770; x_wconf 80' lang='lat' dir='ltr'>adsumpta</span> <span class='ocrx_word' id='word_1_167' title='bbox 813 1720 858 1757; x_wconf 93' lang='lat' dir='ltr'>in</span> <span class='ocrx_word' id='word_1_168' title='bbox 898 1723 1059 1770; x_wconf 88' lang='lat' dir='ltr'>partem</span> <span class='ocrx_word' id='word_1_169' title='bbox 1098 1719 1251 1772; x_wconf 86' lang='lat' dir='ltr'>virium</span> <span class='ocrx_word' id='word_1_170' title='bbox 1298 1718 1547 1768; x_wconf 84' lang='lat' dir='ltr'>sequebatur</span> 
     </span>
     <span class='ocr_line' id='line_1_24' title="bbox 206 1788 1548 1842; baseline -0.004 -11"><span class='ocrx_word' id='word_1_171' title='bbox 206 1793 372 1842; x_wconf 79' lang='lat' dir='ltr'>egregia</span> <span class='ocrx_word' id='word_1_172' title='bbox 401 1791 549 1842; x_wconf 82' lang='lat' dir='ltr'>specie,</span> <span class='ocrx_word' id='word_1_173' title='bbox 571 1804 661 1829; x_wconf 82' lang='lat' dir='ltr'>cum</span> <span class='ocrx_word' id='word_1_174' title='bbox 695 1790 819 1829; x_wconf 90' lang='lat' dir='ltr'>simul</span> <span class='ocrx_word' id='word_1_175' title='bbox 849 1794 971 1835; x_wconf 82' lang='lat' dir='ltr'>terra,</span> <span class='ocrx_word' id='word_1_176' title='bbox 1001 1789 1123 1828; x_wconf 90' lang='lat' dir='ltr'>simul</span> <span class='ocrx_word' id='word_1_177' title='bbox 1156 1789 1260 1826; x_wconf 86' lang='lat' dir='ltr'>mari</span> <span class='ocrx_word' id='word_1_178' title='bbox 1290 1788 1445 1827; x_wconf 91' lang='lat' dir='ltr'>bellum</span> <span class='ocrx_word' id='word_1_179' title='bbox 1476 1788 1548 1825; x_wconf 89' lang='lat' dir='ltr'>im-</span> 
     </span>
     <span class='ocr_line' id='line_1_25' title="bbox 206 1860 1547 1914; baseline -0.004 -12"><span class='ocrx_word' id='word_1_180' title='bbox 206 1864 444 1914; x_wconf 85' lang='lat' dir='ltr'>pelleretur,</span> <span class='ocrx_word' id='word_1_181' title='bbox 485 1875 530 1900; x_wconf 90' lang='lat' dir='ltr'>ac</span> <span class='ocrx_word' id='word_1_182' title='bbox 570 1874 691 1911; x_wconf 78' lang='lat' dir='ltr'>saepe</span> <span class='ocrx_word' id='word_1_183' title='bbox 730 1861 862 1898; x_wconf 83' lang='lat' dir='ltr'>isdem</span> <span class='ocrx_word' id='word_1_184' title='bbox 902 1860 1049 1899; x_wconf 85' lang='lat' dir='ltr'>castris</span> <span class='ocrx_word' id='word_1_185' title='bbox 1095 1860 1220 1910; x_wconf 81' lang='lat' dir='ltr'>pedes</span> <span class='ocrx_word' id='word_1_186' title='bbox 1260 1871 1467 1909; x_wconf 79' lang='lat' dir='ltr'>equesque</span> <span class='ocrx_word' id='word_1_187' title='bbox 1506 1861 1547 1896; x_wconf 90' lang='lat' dir='ltr'>et</span> 
     </span>
     <span class='ocr_line' id='line_1_26' title="bbox 150 1929 1545 1982; baseline -0.005 -9"><span class='ocrx_word' id='word_1_188' title='bbox 150 1946 187 1974; x_wconf 72' lang='lat'>25</span> <span class='ocrx_word' id='word_1_189' title='bbox 206 1934 399 1972; x_wconf 89' lang='lat' dir='ltr'>nauticus</span> <span class='ocrx_word' id='word_1_190' title='bbox 427 1933 547 1970; x_wconf 87' lang='lat' dir='ltr'>miles</span> <span class='ocrx_word' id='word_1_191' title='bbox 570 1932 693 1970; x_wconf 80' lang='lat' dir='ltr'>mixti</span> <span class='ocrx_word' id='word_1_192' title='bbox 715 1931 846 1982; x_wconf 89' lang='lat' dir='ltr'>copiis</span> <span class='ocrx_word' id='word_1_193' title='bbox 870 1935 911 1969; x_wconf 89' lang='lat' dir='ltr'>et</span> <span class='ocrx_word' id='word_1_194' title='bbox 935 1931 1099 1969; x_wconf 88' lang='lat' dir='ltr'>laetitia</span> <span class='ocrx_word' id='word_1_195' title='bbox 1123 1943 1198 1968; x_wconf 87' lang='lat' dir='ltr'>sua</span> <span class='ocrx_word' id='word_1_196' title='bbox 1221 1930 1396 1980; x_wconf 80' lang='lat' dir='ltr'>quisque</span> <span class='ocrx_word' id='word_1_197' title='bbox 1422 1929 1545 1976; x_wconf 82' lang='lat' dir='ltr'>facta,</span> 
     </span>
     <span class='ocr_line' id='line_1_27' title="bbox 209 2000 1546 2050; baseline -0.005 -7"><span class='ocrx_word' id='word_1_198' title='bbox 209 2018 303 2043; x_wconf 90' lang='lat' dir='ltr'>suos</span> <span class='ocrx_word' id='word_1_199' title='bbox 338 2016 457 2042; x_wconf 88' lang='lat' dir='ltr'>casus</span> <span class='ocrx_word' id='word_1_200' title='bbox 491 2003 754 2050; x_wconf 82' lang='lat' dir='ltr'>adtollerent,</span> <span class='ocrx_word' id='word_1_201' title='bbox 788 2014 833 2040; x_wconf 87' lang='lat' dir='ltr'>ac</span> <span class='ocrx_word' id='word_1_202' title='bbox 866 2002 986 2039; x_wconf 80' lang='lat' dir='ltr'>modo</span> <span class='ocrx_word' id='word_1_203' title='bbox 1026 2001 1225 2039; x_wconf 80' lang='lat' dir='ltr'>silvarum</span> <span class='ocrx_word' id='word_1_204' title='bbox 1267 2013 1312 2038; x_wconf 83' lang='lat' dir='ltr'>ac</span> <span class='ocrx_word' id='word_1_205' title='bbox 1344 2000 1546 2037; x_wconf 88' lang='lat' dir='ltr'>montium</span> 
     </span>
     <span class='ocr_line' id='line_1_28' title="bbox 208 2069 1547 2125; baseline -0.004 -12"><span class='ocrx_word' id='word_1_206' title='bbox 208 2074 428 2125; x_wconf 80' lang='lat' dir='ltr'>profunda,</span> <span class='ocrx_word' id='word_1_207' title='bbox 452 2074 572 2111; x_wconf 81' lang='lat' dir='ltr'>modo</span> <span class='ocrx_word' id='word_1_208' title='bbox 598 2076 895 2122; x_wconf 84' lang='lat' dir='ltr'>tempestatum</span> <span class='ocrx_word' id='word_1_209' title='bbox 928 2084 973 2110; x_wconf 86' lang='lat' dir='ltr'>ac</span> <span class='ocrx_word' id='word_1_210' title='bbox 1004 2071 1206 2109; x_wconf 88' lang='lat' dir='ltr'>fluctuum</span> <span class='ocrx_word' id='word_1_211' title='bbox 1237 2071 1421 2117; x_wconf 87' lang='lat' dir='ltr'>adversa,</span> <span class='ocrx_word' id='word_1_212' title='bbox 1450 2069 1547 2107; x_wconf 88' lang='lat' dir='ltr'>hinc</span> 
     </span>
     <span class='ocr_line' id='line_1_29' title="bbox 209 2140 1548 2191; baseline -0.005 -7"><span class='ocrx_word' id='word_1_213' title='bbox 209 2151 320 2184; x_wconf 87' lang='lat' dir='ltr'>terra</span> <span class='ocrx_word' id='word_1_214' title='bbox 353 2148 395 2183; x_wconf 86' lang='lat' dir='ltr'>et</span> <span class='ocrx_word' id='word_1_215' title='bbox 434 2144 580 2191; x_wconf 87' lang='lat' dir='ltr'>hostis,</span> <span class='ocrx_word' id='word_1_216' title='bbox 611 2144 708 2181; x_wconf 89' lang='lat' dir='ltr'>hinc</span> <span class='ocrx_word' id='word_1_217' title='bbox 739 2143 874 2181; x_wconf 84' lang='lat' dir='ltr'>victus</span> <span class='ocrx_word' id='word_1_218' title='bbox 917 2143 1104 2181; x_wconf 84' lang='lat' dir='ltr'>Oceanus</span> <span class='ocrx_word' id='word_1_219' title='bbox 1146 2141 1318 2179; x_wconf 86' lang='lat' dir='ltr'>militari</span> <span class='ocrx_word' id='word_1_220' title='bbox 1348 2140 1548 2178; x_wconf 86' lang='lat' dir='ltr'>iactantia</span> 
     </span>
     <span class='ocr_line' id='line_1_30' title="bbox 209 2210 1549 2266; baseline -0.005 -12"><span class='ocrx_word' id='word_1_221' title='bbox 209 2219 557 2266; x_wconf 84' lang='lat' dir='ltr'>compararentur.</span> <span class='ocrx_word' id='word_1_222' title='bbox 618 2214 841 2251; x_wconf 85' lang='lat' dir='ltr'>Britannos</span> <span class='ocrx_word' id='word_1_223' title='bbox 869 2225 1044 2263; x_wconf 86' lang='lat' dir='ltr'>quoque,</span> <span class='ocrx_word' id='word_1_224' title='bbox 1075 2216 1121 2250; x_wconf 90' lang='lat' dir='ltr'>nt</span> <span class='ocrx_word' id='word_1_225' title='bbox 1150 2224 1201 2249; x_wconf 87' lang='lat' dir='ltr'>ex</span> <span class='ocrx_word' id='word_1_226' title='bbox 1230 2211 1408 2261; x_wconf 86' lang='lat' dir='ltr'>captivis</span> <span class='ocrx_word' id='word_1_227' title='bbox 1439 2210 1549 2248; x_wconf 85' lang='lat' dir='ltr'>audi-</span> 
     </span>
     <span class='ocr_line' id='line_1_31' title="bbox 152 2283 1548 2333; baseline -0.005 -9"><span class='ocrx_word' id='word_1_228' title='bbox 152 2296 190 2324; x_wconf 84' lang='lat'>30</span> <span class='ocrx_word' id='word_1_229' title='bbox 210 2287 365 2333; x_wconf 89' lang='lat' dir='ltr'>ebatur,</span> <span class='ocrx_word' id='word_1_230' title='bbox 405 2285 497 2323; x_wconf 90' lang='lat' dir='ltr'>visa</span> <span class='ocrx_word' id='word_1_231' title='bbox 542 2284 688 2322; x_wconf 87' lang='lat' dir='ltr'>classis</span> <span class='ocrx_word' id='word_1_232' title='bbox 737 2283 1107 2333; x_wconf 80' lang='lat' dir='ltr'>obstupefaciebat,</span> <span class='ocrx_word' id='word_1_233' title='bbox 1146 2286 1358 2331; x_wconf 86' lang='lat' dir='ltr'>tamquam</span> <span class='ocrx_word' id='word_1_234' title='bbox 1404 2284 1548 2331; x_wconf 87' lang='lat' dir='ltr'>aperto</span> 
     </span>
     <span class='ocr_line' id='line_1_32' title="bbox 210 2352 1545 2403; baseline -0.005 -8"><span class='ocrx_word' id='word_1_235' title='bbox 210 2356 335 2395; x_wconf 90' lang='lat' dir='ltr'>maris</span> <span class='ocrx_word' id='word_1_236' title='bbox 367 2356 431 2394; x_wconf 87' lang='lat' dir='ltr'>sui</span> <span class='ocrx_word' id='word_1_237' title='bbox 461 2358 618 2394; x_wconf 87' lang='lat' dir='ltr'>secreto</span> <span class='ocrx_word' id='word_1_238' title='bbox 647 2354 841 2392; x_wconf 87' lang='lat' dir='ltr'>ultimum</span> <span class='ocrx_word' id='word_1_239' title='bbox 865 2353 987 2391; x_wconf 85' lang='lat' dir='ltr'>victis</span> <span class='ocrx_word' id='word_1_240' title='bbox 1011 2352 1247 2403; x_wconf 72' lang='lat' dir='ltr'>perfugium</span> <span class='ocrx_word' id='word_1_241' title='bbox 1273 2352 1545 2390; x_wconf 86' lang='lat' dir='ltr'>clauderetur.</span> 
     </span>
     <span class='ocr_line' id='line_1_33' title="bbox 211 2421 1547 2464; baseline -0.004 0"><span class='ocrx_word' id='word_1_242' title='bbox 211 2427 278 2464; x_wconf 75' lang='lat' dir='ltr'>Ad</span> <span class='ocrx_word' id='word_1_243' title='bbox 325 2438 471 2464; x_wconf 89' lang='lat' dir='ltr'>manus</span> <span class='ocrx_word' id='word_1_244' title='bbox 519 2429 560 2463; x_wconf 90' lang='lat' dir='ltr'>et</span> <span class='ocrx_word' id='word_1_245' title='bbox 607 2437 722 2463; x_wconf 90' lang='lat' dir='ltr'>arma</span> <span class='ocrx_word' id='word_1_246' title='bbox 768 2423 955 2461; x_wconf 86' lang='lat' dir='ltr'>conversi</span> <span class='ocrx_word' id='word_1_247' title='bbox 1004 2422 1271 2461; x_wconf 76' lang='lat' dir='ltr'>Caledoniam</span> <span class='ocrx_word' id='word_1_248' title='bbox 1319 2421 1547 2459; x_wconf 86' lang='lat' dir='ltr'>incolentes</span> 
     </span>
    </p>
   </div>
  </div>
 </body>
</html>
