1747 2764
178 114 233 155 14
595 123 635 154 P.
670 123 900 154 CORNELII
932 123 1097 154 TACITI

176 237 319 276 officiis
345 242 386 276 et
414 239 846 278 administrationibus
872 240 1010 290 potius
1033 252 1115 277 non
1143 242 1382 290 peccaturos
1407 252 1518 290 prae-

176 321 340 359 ponere,
371 322 494 359 quam
534 310 729 347 damnare
769 322 861 347 cum
900 313 1151 360 peccassent.
1225 310 1442 348 Frumenti
1476 314 1518 348 et

175 379 426 418 tributorum
451 380 705 417 exactionem
733 380 985 430 aequalitate
1007 393 1224 418 munerum
1250 380 1423 429 mollire,
1445 380 1518 418 cir-

175 450 368 488 cumcisis
399 463 503 500 quae
533 450 575 486 in
608 454 824 499 quaestum
855 454 1020 500 reperta
1047 450 1138 500 ipso
1165 450 1322 488 tributo
1350 450 1516 499 gravius

136 530 154 556 Γ»
175 521 470 559 tolerabantur.
530 520 722 569 Namque
758 532 830 570 per
862 520 1088 558 ludibrium
1132 520 1320 558 adsidere
1364 520 1516 559 clausis

174 591 333 629 horreis
361 595 402 628 et
433 603 568 628 emere
603 590 715 628 ultro
747 590 959 628 frumenta
990 603 1035 628 ac
1066 590 1208 628 ludere
1241 590 1375 640 pretio
1405 603 1517 640 coge-

174 662 336 700 bantur.
412 660 614 699 Devortia
655 661 853 699 itinerum
892 664 933 698 et
979 660 1263 710 longinquitas
1302 661 1516 710 regionum

175 731 448 779 indicebatur,
470 735 517 769 ut
544 731 736 769 civitates
765 730 966 780 proximis
997 730 1184 769 hibernis
1216 731 1260 768 in
1289 735 1447 770 remota
1475 735 1517 770 et

175 802 268 840 avia
307 802 531 849 deferrent,
573 802 701 839 donec
740 801 849 851 quod
889 801 1079 839 omnibus
1114 801 1158 838 in
1198 805 1394 851 promptu
1427 805 1516 840 erat

120 879 156 907 10
175 872 317 921 paucis
348 872 556 910 lucrosum
586 871 715 909 fieret.

227 942 289 982 20.
332 943 449 981 Haec
479 942 612 992 primo
645 942 787 980 statim
821 954 929 980 anno
963 942 1273 992 comprimendo
1308 942 1515 992 egregiam
1561 940 1571 953 '

175 1013 329 1051 famam
368 1013 459 1062 paci
498 1012 786 1060 circumdedit,
827 1025 930 1062 quae
963 1012 1026 1050 vel
1069 1012 1228 1051 incuria
1266 1012 1332 1051 vel
1372 1012 1515 1051 intole-

174 1083 311 1121 rantia
350 1084 534 1133 priorum
574 1083 686 1120 haud
733 1082 870 1121 minus
910 1095 1033 1132 quam
1082 1083 1238 1120 bellum
1276 1082 1511 1122 timebatur.

175 1154 255 1191 Sed
290 1153 359 1191 ubi
395 1158 530 1191 aestas
571 1153 753 1200 advenit,
794 1157 1005 1191 contracto
1053 1153 1239 1191 exercitu
1276 1153 1430 1192 multus
1470 1153 1514 1191 in

118 1230 154 1258 15
173 1224 348 1272 agmine,
371 1223 542 1262 laudare
572 1223 830 1267 modestiam,
853 1223 1050 1261 disiectos
1080 1229 1287 1271 coercere3
1319 1223 1409 1261 loca
1432 1236 1514 1262 cas-

172 1295 248 1333 tris
278 1295 368 1345 ipse
398 1307 555 1344 capere,
587 1294 795 1332 aestuaria
824 1306 870 1332 ac
901 1293 1028 1331 silvas
1059 1293 1148 1343 ipse
1182 1297 1511 1343 praetemptare;

173 1370 214 1402 et
243 1365 350 1402 nihil
386 1365 553 1402 interim
588 1365 697 1414 apud
732 1364 865 1402 hostis
900 1364 1088 1413 quietum
1123 1363 1224 1414 pati,
1260 1376 1340 1413 quo
1375 1363 1511 1402 minus

173 1435 323 1473 subitis
345 1435 586 1473 excursibus
606 1435 898 1485 popularetur-3
930 1438 1054 1484 atque
1075 1434 1146 1472 ubi
1168 1434 1270 1472 satis
1293 1438 1510 1482 terruerat,

173 1507 379 1556 parcendo
421 1518 562 1543 rursus
605 1505 879 1544 incitamenta
915 1505 1029 1555 pacis
1064 1508 1284 1543 ostentare.
1354 1505 1511 1550 Quibus

114 1582 153 1611 20
172 1577 293 1614 rebus
314 1576 469 1614 multae
490 1576 683 1614 civitates
705 1588 810 1625 quae
840 1575 883 1613 in
914 1575 1031 1613 illum
1064 1575 1174 1612 diem
1204 1588 1254 1613 ex
1274 1587 1405 1625 aequo
1426 1587 1513 1624 ege-

172 1651 277 1695 rant,
309 1647 418 1685 datis
448 1646 660 1684 obsidibus
691 1646 793 1684 iram
825 1658 998 1696 posuere
1041 1650 1082 1683 et
1111 1645 1332 1695 praesidiis
1370 1645 1514 1683 castel-

172 1717 306 1767 lisque
345 1717 624 1755 circumdatae
677 1720 718 1753 et
756 1720 876 1754 tanta
910 1715 1069 1754 ratione
1099 1727 1290 1765 curaque,
1320 1719 1367 1753 ut
1395 1715 1513 1753 nulla

171 1791 266 1825 ante
295 1786 538 1825 Britanniae
568 1799 675 1825 nova
702 1799 797 1836 pars
828 1786 984 1836 pariter
1014 1785 1255 1824 inlacessita
1282 1785 1508 1824 transierit.

224 1857 286 1896 21.
330 1858 514 1907 Sequens
558 1857 691 1895 hiems
733 1856 1016 1895 saluberrimis
1057 1856 1242 1895 consiliis
1278 1856 1509 1906 absumpta.

114 1936 151 1964 25
171 1929 363 1977 Namque
397 1932 445 1965 ut
478 1927 668 1965 homines
704 1927 882 1977 dispersi
921 1939 967 1964 ac
1002 1926 1124 1964 rudes
1160 1938 1288 1976 eoque
1324 1926 1367 1963 in
1401 1926 1511 1964 bella

171 1998 316 2036 faciles
338 1997 470 2048 quieti
492 2001 533 2035 et
560 1997 644 2035 otio
668 2010 742 2047 per
762 1997 1000 2047 voluptates
1028 1997 1331 2044 adsuescerent,
1352 1996 1511 2034 hortari

171 2068 380 2119 privatim,
411 2068 607 2106 adiuvare
632 2067 809 2117 publice,
827 2072 874 2105 ut
902 2066 1061 2117 templa
1089 2067 1180 2104 fora
1210 2066 1351 2104 domos
1379 2069 1512 2104 extru-

171 2143 299 2187 erent,
322 2139 530 2177 laudando
552 2141 764 2188 promptos
786 2141 827 2175 et
848 2137 1090 2186 castigando
1112 2136 1270 2186 segnis:
1311 2136 1371 2174 ita
1390 2136 1513 2174 hono-

171 2210 228 2247 ris
249 2209 474 2247 aemulatio
496 2221 568 2258 pro
590 2208 838 2246 necessitate
869 2211 969 2245 erat.
1029 2208 1119 2244 lam
1149 2219 1245 2244 vero
1275 2206 1510 2256 principum

115 2290 153 2317 30
172 2280 280 2318 filios
301 2279 543 2317 liberalibus
565 2266 725 2316 artibus
753 2278 928 2325 erudire,
952 2281 993 2315 et
1020 2277 1188 2326 ingenia
1215 2277 1510 2315 Britannorum

173 2350 322 2389 studiis
345 2349 560 2387 Gallorum
593 2350 814 2396 anteferre,
837 2352 882 2386 ut
912 2348 982 2398 qui
1014 2348 1133 2385 modo
1154 2347 1338 2396 linguam
1367 2348 1511 2385 Roma-

173 2433 264 2458 nam
288 2420 537 2462 abnuebant,
560 2418 839 2468 eloquentiam
861 2417 1208 2465 consuipiscerent.
1263 2417 1364 2455 Inde
1384 2417 1509 2455 etiam
