1747 2764
214 154 270 195 44
632 161 669 192 P.
707 160 938 192 CORNELII
969 160 1135 192 TACITI

214 276 462 323 vinolentos,
498 276 625 323 rixae,
661 288 753 313 raro
785 275 996 323 conviciis,
1033 275 1197 325 saepius
1236 275 1359 313 caede
1393 279 1434 313 et
1468 275 1554 313 vul-

215 347 382 385 neribus
410 346 709 394 transiguntur.
771 346 851 384 Sed
878 350 919 383 et
947 346 997 383 de
1027 345 1344 384 reconciliandis
1375 345 1551 383 invicem

215 417 396 455 inimicis
427 421 468 454 et
498 416 719 465 iungendis
750 416 1038 454 adfinitatibus
1067 420 1108 453 et
1135 416 1415 454 adsciscendis
1445 415 1554 465 prin-

215 487 389 537 cipibus,
412 487 461 524 de
489 499 589 536 pace
611 486 789 536 denique
811 498 856 524 ac
877 486 986 524 bello
1006 486 1250 536 plerumque
1280 486 1323 523 in
1350 485 1553 523 conviviis

178 564 197 593 5
216 557 465 604 consultant,
497 561 709 606 tamqnam
741 556 856 594 nullo
886 556 1017 604 magis
1052 560 1236 605 tempore
1271 559 1343 593 aut
1377 556 1429 593 ad
1463 555 1555 593 sim-

216 627 337 677 plicis
371 626 643 675 cogitationes
678 630 821 676 pateat
855 626 1018 664 animus
1053 630 1123 663 aut
1158 626 1210 663 ad
1243 638 1413 674 magnas
1449 625 1556 663 inca-

216 697 355 735 lescat.
407 698 519 735 Gens
540 709 622 733 non
643 700 780 734 astuta
805 708 879 733 nec
901 696 1053 733 callida
1080 696 1214 745 aperit
1240 696 1376 733 adhuc
1398 699 1556 734 secreta

216 767 394 816 pectoris
415 766 586 804 licentia
606 766 705 815 loci;
738 779 834 814 ergo
852 766 1016 803 detecta
1031 770 1072 803 et
1092 766 1204 803 nuda
1219 765 1403 803 omnium
1425 778 1555 803 mens.

216 838 391 875 Postera
412 836 478 874 die
500 840 759 883 retractatur,
782 840 823 874 et
850 836 966 874 salva
985 836 1202 885 utriusque
1229 836 1427 885 temporis
1449 835 1555 873 ratio

161 916 198 944 10
217 911 301 946 est:
334 908 578 953 deliberant,
608 908 706 945 dum
733 907 887 956 fingere
920 907 1123 954 nesciunt,
1152 906 1425 954 constituunt,
1455 907 1552 944 dum

218 990 352 1016 errare
373 991 453 1015 non
477 982 661 1027 possunt.

270 1047 334 1086 23.
376 1049 499 1086 Potui
529 1060 646 1085 umor
676 1060 725 1085 ex
756 1047 909 1085 hordeo
939 1050 1010 1085 aut
1040 1047 1262 1094 frumento,
1284 1046 1327 1083 in
1348 1046 1554 1096 quandam

218 1119 538 1157 similitudinem
574 1118 661 1155 vini
690 1122 928 1167 corruptus:
976 1117 1153 1167 proximi
1188 1117 1302 1167 ripae
1337 1122 1378 1154 et
1412 1117 1555 1154 vinum

218 1193 462 1227 mercantur.
536 1189 627 1227 Cibi
658 1188 879 1237 simplices,
912 1188 1093 1236 agrestia
1126 1200 1258 1237 poma,
1294 1199 1435 1224 recens
1467 1188 1557 1224 fera

162 1268 199 1296 15
219 1263 290 1297 aut
314 1259 377 1297 lac
404 1263 661 1296 concretum:
695 1259 782 1296 sine
811 1258 1023 1307 adparatu,
1048 1258 1134 1295 sine
1165 1257 1462 1295 blandimentis
1492 1270 1557 1294 ex-

218 1329 381 1379 pellunt
410 1329 574 1366 famem.
629 1329 840 1366 Adversus
863 1328 977 1366 sitim
998 1340 1080 1365 non
1102 1328 1243 1365 eadem
1265 1327 1552 1376 temperantia.

220 1400 287 1451 [Si
303 1399 528 1437 indulseris
546 1398 738 1437 ebrietati
756 1398 1012 1447 suggerendo
1029 1402 1231 1447 quantum
1246 1397 1555 1447 concupiscunt,

217 1470 330 1508 haud
351 1470 490 1507 minus
510 1469 635 1523 facile
656 1468 771 1506 vitiis
793 1481 916 1518 quam
938 1468 1062 1506 armis
1085 1468 1337 1520 vincentur]

272 1539 335 1578 24.
378 1540 518 1578 Genus
549 1538 878 1589 spectaculorum
908 1551 1034 1575 unum
1066 1541 1190 1587 atque
1222 1538 1265 1574 in
1298 1537 1408 1575 omni
1436 1541 1556 1575 coetu

163 1620 202 1649 20
219 1610 340 1648 idem.
401 1610 518 1647 Nudi
545 1609 726 1655 iuvenes,
756 1608 904 1657 quibus
932 1608 976 1645 id
1003 1608 1210 1645 ludicrum
1238 1611 1312 1655 est,
1341 1607 1450 1645 inter
1477 1607 1557 1655 gla-

216 1681 309 1719 dios
331 1693 373 1720 se
395 1684 518 1730 atque
539 1680 716 1718 infestas
738 1679 918 1716 frameas
940 1678 1049 1717 saltu
1072 1679 1239 1716 iaciunt.
1299 1678 1556 1715 Exercitatio

220 1756 351 1790 artem
381 1750 556 1800 paravit,
579 1763 645 1788 ars
670 1750 868 1796 decorem,
891 1762 972 1786 non
1002 1749 1045 1786 in
1075 1752 1293 1798 quaestum
1318 1752 1453 1786 tamen
1487 1752 1558 1785 aut

219 1821 468 1859 mercedem:
510 1820 700 1869 quamvis
736 1820 902 1857 audacis
936 1818 1131 1857 lasciviae
1166 1818 1345 1868 pretium
1379 1822 1442 1856 est
1476 1818 1558 1855 vol-

219 1895 342 1942 uptas
383 1890 671 1941 spectantium.
736 1889 896 1937 Aleam,
936 1889 1046 1939 quod
1084 1888 1244 1935 mirere,
1286 1888 1411 1926 sobrii
1449 1888 1557 1925 inter

164 1972 202 2001 25
222 1962 329 2000 seria
358 1965 561 2007 exercent,
584 1964 702 1998 tanta
731 1959 919 1997 lucrandi
950 1958 1202 2009 perdendive
1230 1958 1477 2005 temeritate,
1500 1961 1556 2003 ut,

221 2045 313 2070 811111
348 2031 484 2069 onmia
519 2031 773 2077 defecerunt,
810 2033 994 2067 extremo
1029 2041 1073 2066 ac
1108 2028 1335 2066 novissimo
1368 2028 1479 2066 iactu
1509 2028 1557 2065 de

221 2102 415 2140 libertate
443 2114 488 2139 ac
517 2101 566 2138 de
594 2112 762 2150 corpore
790 2099 1051 2137 contendant.
1111 2098 1257 2137 Victus
1280 2098 1556 2135 voluntariam

222 2172 466 2210 servitutem
480 2171 587 2209 adit:
612 2169 801 2220 quamvis
818 2169 1016 2217 iuvenior,
1031 2168 1220 2218 quamvis
1237 2168 1442 2206 robustior
1458 2167 1557 2205 adli-

223 2242 309 2290 gari
331 2254 372 2280 se
394 2254 440 2279 ac
461 2240 600 2278 venire
627 2240 795 2290 patitur.
855 2240 918 2277 Ea
943 2243 1007 2277 est
1026 2239 1069 2276 in
1091 2251 1133 2276 re
1154 2251 1282 2288 prava
1303 2237 1554 2287 pervicacia,

166 2320 204 2349 30
222 2311 303 2361 ipsi
337 2311 462 2349 fidem
497 2314 655 2348 vocant.
725 2310 873 2348 Servos
906 2308 1160 2347 condicionis
1192 2308 1316 2346 huius
1348 2320 1420 2357 per
1454 2320 1558 2345 com-

223 2381 374 2419 mercia
393 2381 577 2429 tradunt,
599 2385 645 2418 ut
666 2392 708 2418 se
730 2392 892 2429 quoque
913 2378 1068 2429 pudore
1091 2378 1287 2416 victoriae
1308 2377 1536 2415 exsolvant.

276 2451 339 2489 25.
382 2451 575 2489 Ceterum
605 2449 735 2488 servis
765 2463 847 2488 non
876 2449 919 2486 in
944 2452 1130 2487 nostrum
1157 2462 1324 2497 morem,
1340 2449 1558 2499 descriptis
