1747 2764
158 128 211 170 36
578 136 615 166 P.
653 134 884 167 CORNELII
916 134 1083 167 TACITI

156 251 295 302 potius
330 264 454 302 quain
490 251 677 301 imperio⁷
711 250 745 289 si
776 250 972 301 prompti,
1007 251 1042 290 si
1073 250 1299 301 conspicui,
1334 250 1371 290 si
1401 255 1498 290 ante

157 323 286 361 aciem
314 326 450 371 agant,
473 321 749 360 admiratione
770 325 980 371 praesunt.
1037 322 1231 360 Ceterum
1252 334 1387 372 neque
1415 321 1499 360 ani-

156 394 414 431 madvertere
432 404 564 442 neque
581 392 750 439 vincire,
768 404 819 429 ne
837 393 1052 430 verberare
1073 392 1243 442 quidem
1265 392 1347 430 nisi
1370 405 1498 431 sacer-

157 463 323 501 dotibus
345 462 605 512 permissum,
628 475 708 499 non
731 462 851 512 quasi
872 462 916 499 in
937 475 1112 512 poenam
1132 475 1206 499 nec
1228 462 1345 501 ducis
1368 462 1499 511 iussu‚'

118 543 137 571 5
157 534 227 572 sed
244 533 359 571 velut
376 533 450 570 deo
467 532 710 582 imperante,
728 536 850 582 quem
868 532 1011 571 adesse
1033 532 1288 570 bellantibus
1310 533 1494 571 credunt.

156 603 407 652 Effigiesque
437 606 478 640 et
503 602 622 652 signa
645 603 850 652 quaedam
878 603 1066 640 detracta
1090 602 1195 640 lucis
1223 602 1267 640 in
1294 602 1497 652 proelium

156 674 320 721 ferunt3
357 673 549 722 quodque
580 673 848 723 praecipuum
878 672 1142 711 fortitudinis
1178 672 1507 711 incitamentum.

156 748 231 791 est,
272 756 353 781 non
397 755 516 781 casus
559 755 634 780 nec
677 743 854 781 fortuita
896 743 1159 791 conglobatio
1201 747 1382 781 turmam
1426 747 1498 781 aut

155 827 331 853 cuneum
359 814 472 859 facit,
497 814 567 852 sed
589 813 775 852 familiae
798 818 839 851 et
859 813 1215 863 propinquitates3
1248 817 1289 851 et
1316 813 1359 850 in
1381 826 1498 864 prox-

101 897 137 924 10
156 885 238 923 imo
266 886 451 935 pignora,
473 884 582 922 unde
604 884 854 922 feminarum
876 884 1063 922 ululatus
1085 884 1232 929 audiri,
1256 885 1365 922 unde
1386 884 1496 933 vagi-

155 959 223 994 tus
249 955 487 993 infantium.
547 954 606 992 Hi
631 955 779 1004 cuique
805 955 1057 993 sanctissimi
1083 958 1224 1002 testes,
1250 954 1294 992 hi
1324 954 1495 993 maximi

156 1026 413 1064 laudatores:
446 1026 498 1064 ad
528 1029 693 1071 matres,
725 1025 776 1063 ad
806 1025 1000 1074 coniuges
1025 1025 1197 1063 vulnera
1224 1025 1390 1074 ferunt3
1422 1038 1496 1064 nec

156 1097 253 1135 illae
288 1108 504 1134 numerare
539 1100 611 1134 aut
645 1096 808 1145 exigere
844 1096 987 1145 plagas
1022 1099 1188 1146 pavent,
1224 1095 1420 1146 cibosque
1454 1100 1496 1134 et

155 1168 392 1205 hortamina
412 1166 697 1217 pugnantibus
720 1170 894 1215 gestant.

101 1251 136 1279 15
209 1238 244 1277 8.
279 1238 512 1275 rMemoriae
534 1237 724 1287 proditur
748 1237 948 1286 quasdam
971 1236 1078 1274 acies
1099 1236 1322 1275 inclinatas
1344 1237 1426 1275 iam
1454 1241 1495 1275 et

155 1309 343 1347 labantes
365 1321 388 1346 a
408 1308 577 1345 feminis
595 1308 811 1345 restitutas
832 1307 1069 1345 constantia
1088 1319 1256 1357 precum
1273 1311 1315 1345 et
1331 1307 1494 1345 obiectu

155 1383 368 1429 pectorum
396 1382 437 1416 et
464 1382 694 1416 monstrata
722 1378 909 1416 cominus
939 1377 1197 1427 captivitate,
1219 1390 1343 1427 quam
1374 1377 1494 1426 longe

156 1450 444 1500 impatientius
466 1449 713 1487 feminarum
743 1461 908 1487 suarum
937 1448 1104 1486 nomine
1134 1448 1297 1495 timent,
1320 1448 1422 1486 adeo
1448 1452 1495 1486 ut

156 1520 359 1558 efficacius
382 1520 618 1568 obligentur
639 1519 766 1557 animi
788 1519 1007 1557 civitatum
1029 1519 1179 1568 quibus
1200 1518 1310 1556 inter
1330 1518 1494 1558 obsides

98 1605 137 1633 ρο
155 1591 318 1641 puellae
349 1602 512 1640 quoque
540 1590 698 1627 nobiles
722 1590 990 1639 imperantur.
1062 1589 1205 1627 Inesse
1236 1589 1337 1639 quin
1367 1589 1494 1627 etiam

157 1666 343 1700 sanctum
380 1660 540 1710 aliquid
575 1664 616 1697 et
650 1660 870 1709 providum
906 1663 1067 1709 putant,
1104 1672 1178 1697 nec
1214 1663 1285 1697 aut
1319 1659 1494 1698 consilia

152 1741 292 1766 earum
311 1729 617 1778 adspernantur
631 1732 702 1766 aut
716 1740 914 1778 responsa
929 1727 1174 1780 neglegunt
1209 1727 1401 1765 Vidimus
1420 1727 1495 1765 sub

152 1799 249 1836 divo
281 1799 539 1849 Vespasiano
571 1799 769 1837 Veledam
806 1798 878 1835 diu
913 1798 1023 1847 apud
1058 1797 1278 1847 plerosque
1309 1796 1494 1835 numinis

152 1868 241 1906 loco
262 1869 471 1917 habitam3
506 1869 576 1907 sed
607 1873 648 1906 et
679 1869 775 1906 olim
798 1869 1057 1914 ³(Albrunam
1080 1872 1122 1905 et
1143 1867 1368 1917 compluris
1390 1866 1494 1904 alias

101 1950 138 1979 25
158 1938 344 1976 venerati
365 1941 473 1985 sunt,
491 1950 575 1975 non
590 1936 829 1975 adulatione
845 1949 920 1974 nec
940 1940 1152 1986 tamquam
1175 1937 1362 1975 facerent
1383 1937 1491 1976 deas.

598 2056 786 2095 Religsz'ous
809 2055 1041 2087 Ceo-montes.

209 2144 245 2183 9.
287 2145 466 2182 Deorum
485 2144 665 2182 maxime
682 2143 934 2181 Mercurium
954 2143 1106 2191 colunt,
1125 2143 1190 2180 cui
1207 2143 1330 2181 certis
1347 2143 1492 2181 diebus

155 2215 348 2253 humanis
370 2227 532 2264 quoque
558 2214 709 2252 hostiis
734 2214 855 2252 litare
880 2214 945 2251 fas
972 2214 1137 2251 habent.
1197 2213 1422 2251 Herculem
1447 2225 1492 2251 ac

157 2286 333 2323 Martem
371 2285 575 2323 concessis
610 2284 860 2322 animalibus
891 2284 1069 2334 placant.
1128 2284 1232 2321 Pars
1263 2284 1491 2321 Sueborum

155 2359 197 2393 et
226 2354 331 2393 Isidi
362 2354 586 2393 sacrificat:
620 2355 729 2392 unde
758 2367 882 2392 causa
909 2358 950 2392 et
977 2353 1090 2403 origo
1118 2354 1336 2404 peregrino
1363 2366 1490 2402 sacro,

99 2434 136 2462 30
155 2438 300 2475 parum
322 2425 514 2475 comperi,
537 2425 617 2463 nisi
640 2425 749 2475 quod
770 2424 933 2473 signum
956 2424 1093 2473 ipsum
1114 2424 1156 2461 in
1179 2424 1347 2462 modum
1368 2424 1491 2462 libur-
