1747 2764
693 135 953 168 Aeffloom.
1434 127 1488 169 25

159 254 382 304 virtusque.
452 254 677 302 Postquam
710 251 827 290 silvis
859 251 1309 301 adpropinquaverunt,
1343 250 1490 288 identi-

157 325 250 362 dem
267 324 421 374 primos
438 322 699 373 sequentium
720 322 907 359 incautos
925 321 1100 357 conlecti
1118 324 1158 357 et
1174 320 1355 357 locorum
1372 320 1487 368 gnari

157 394 543 432 circumveniebant.
620 392 736 437 Quod
774 391 816 428 ni
860 392 1055 440 frequens
1096 390 1248 439 ubique
1296 390 1489 438 Agricola

156 464 316 503 validas
346 468 387 502 et
416 463 631 513 expeditas
663 461 845 500 cohortis
884 460 1091 508 indaginis
1122 460 1254 505 modo,
1287 463 1328 496 et
1357 458 1488 497 sicubi

157 534 309 572 artiora
354 538 483 581 erant,
525 536 685 583 partem
730 531 917 581 equitum
965 530 1148 568 dimissis
1195 529 1322 578 equis,
1363 529 1487 567 simul
1506 535 1525 565 5

156 604 331 642 rariores
371 603 498 642 silvas
537 602 717 652 equitem
761 600 992 651 persultare
1031 600 1234 645 iussisset,
1275 603 1487 649 acceptum

156 673 323 724 aliquod
347 673 498 711 vulnus
526 685 597 723 per
618 671 788 709 nimiam
810 670 1004 708 fiduciam
1025 670 1144 707 foret.
1204 670 1397 708 Ceterum
1417 670 1487 708 ubi

155 744 404 793 compositos
424 742 554 781 firmis
575 741 788 780 ordinibus
810 741 927 790 sequi
948 752 1089 778 rursus
1112 739 1263 786 videre,
1281 739 1324 776 in
1344 740 1487 788 fugam

155 814 276 861 versi,
307 826 388 851 non
420 812 666 861 agminibus,
696 815 743 849 ut
775 811 902 861 prius,
933 822 1006 848 nec
1037 810 1143 847 alius
1174 809 1303 847 alium
1333 821 1488 859 respec-

154 887 303 931 tantes,
334 883 415 921 rari
445 887 486 920 et
515 881 732 920 vitabundi
759 881 802 918 in
831 881 963 918 vicem
990 880 1218 929 longinqua
1244 884 1367 928 atque
1394 879 1489 917 avia
1508 889 1544 916 10

154 953 321 1004 petiere.
389 953 506 990 Finis
546 951 744 1002 sequendi
783 964 863 987 nox
904 955 944 987 et
983 950 1153 988 satietas
1194 949 1286 986 fuit.
1359 950 1487 987 Caesa

154 1023 336 1062 hostium
366 1023 418 1061 ad
447 1023 585 1060 decem
621 1021 758 1059 milia:
802 1024 1034 1058 nostrorum
1064 1020 1239 1056 trecenti
1271 1019 1488 1067 sexaginta

155 1094 351 1141 cecidere,
372 1093 415 1131 in
437 1093 529 1144 quis
552 1092 686 1130 Aulus
707 1092 885 1136 Atticus,
909 1091 1143 1140 praefectus
1165 1089 1357 1137 cohortis,
1380 1089 1488 1126 iuve-

154 1164 232 1201 nili
253 1164 396 1202 ardore
418 1167 459 1201 et
479 1163 634 1201 ferocia
654 1162 748 1212 equi
768 1161 956 1198 hostibus
978 1160 1143 1197 inlatus.

209 1234 270 1273 38.
313 1235 367 1271 Et
388 1247 468 1271 nox
491 1233 658 1283 quidem
680 1232 829 1280 gaudio
850 1231 1083 1280 praedaque
1106 1230 1215 1267 laeta
1237 1229 1484 1267 victoribus:
1507 1237 1542 1264 15

158 1304 348 1342 Britanni
367 1304 555 1354 palantes
573 1302 785 1351 mixtoque
804 1302 983 1338 virorum
1002 1300 1303 1348 mulierumque
1324 1299 1486 1348 ploratu

156 1374 317 1411 trahere
350 1374 598 1415 vulneratos,
632 1383 776 1409 vocare
816 1371 1009 1418 integros,
1044 1370 1231 1407 deserere
1266 1369 1407 1407 domos
1442 1384 1486 1406 zu·

159 1456 229 1493 per
249 1444 351 1480 iram
373 1443 483 1480 ultro
511 1442 740 1488 incendere,
764 1441 914 1489 eligere
936 1440 1115 1477 latebras
1137 1444 1178 1476 et
1199 1439 1340 1477 statim
1369 1438 1488 1476 relin-

156 1525 302 1562 quere;
344 1512 513 1549 111is(·ere
543 1511 582 1547 in
614 1511 739 1547 vicem
771 1509 944 1547 consilia
973 1509 1125 1558 aliqua,
1148 1509 1243 1546 dein
1274 1520 1484 1557 separare;

156 1582 379 1632 aliquando
401 1581 535 1629 frangi
559 1580 757 1629 adspectu
778 1579 997 1629 pignorum
1019 1591 1197 1625 suorum,
1216 1578 1379 1627 saepius
1401 1590 1489 1614 con-
1509 1585 1545 1612 21>

158 1651 288 1690 citari.
350 1651 540 1700 Satisque
568 1649 783 1687 constabat
808 1648 988 1686 saevisse
1011 1647 1210 1697 quosdam
1231 1648 1275 1684 in
1295 1648 1489 1695 coniuges

158 1734 203 1759 ac
224 1722 386 1767 liberos,
404 1725 614 1770 tamquam
637 1719 940 1757 misererentur.
974 1717 1211 1769 ‘Proximus
1234 1717 1322 1755 dies
1339 1718 1485 1755 faeiem

158 1790 355 1829 victoriae
376 1790 501 1828 latius
524 1789 706 1839 aperuit:
738 1791 902 1826 vastum
922 1787 1076 1837 ubique
1098 1787 1324 1833 silentium,
1343 1788 1487 1825 secreti

157 1861 295 1908 colles,
313 1860 519 1898 fumantia
535 1858 676 1909 procul
698 1861 818 1905 tecta,
836 1870 955 1895 nemo
977 1857 1308 1907 exploratoribus
1330 1857 1486 1895 obvius.

157 1931 315 1975 Quibus
354 1930 397 1967 in
431 1941 591 1966 omnem
630 1931 790 1978 partem
829 1927 1026 1974 dimissis,
1061 1927 1131 1964 ubi
1171 1926 1328 1964 incerta
1365 1927 1488 1975 fugae
1507 1938 1543 1966 25

157 2000 335 2049 vestigia
362 2012 495 2049 neque
524 2011 697 2048 usquam
723 1997 959 2047 conglobari
982 1996 1123 2035 hostes
1147 2000 1403 2046 compertum
1430 1996 1488 2046 (et

158 2073 302 2107 exacta
345 2070 426 2107 iam
467 2072 622 2106 aestate
662 2067 800 2117 spargi
839 2067 994 2105 bellum
1032 2066 1263 2118 nequibat),
1307 2066 1350 2104 in
1388 2064 1483 2103 finis

159 2140 421 2177 Borestorum
457 2138 683 2176 exercitum
719 2137 895 2175 deducit.
956 2136 1021 2174 Ibi
1053 2136 1232 2186 acceptis
1262 2135 1486 2183 obsidibus,

158 2209 366 2258 praefecto
383 2208 526 2247 classis
543 2207 795 2246 circumvehi
812 2205 1075 2244 Britanniam
1092 2205 1306 2255 praecipit.
1354 2207 1488 2243 Datae

158 2279 210 2316 ad
238 2278 282 2316 id
310 2278 430 2326 vires,
463 2282 503 2316 et
532 2281 811 2328 praecesserat
839 2281 981 2314 terror.
1041 2276 1138 2326 Ipse
1168 2275 1329 2324 pedites
1364 2278 1487 2324 atque
1507 2288 1544 2315 :50

158 2347 317 2398 equites
352 2348 464 2386 lento
492 2348 653 2395 itinere,
683 2360 764 2396 quo
793 2359 992 2384 novarum
1024 2345 1208 2393 gentium
1239 2345 1366 2382 animi
1398 2345 1489 2394 ipsa

159 2417 358 2455 transitus
380 2430 493 2455 mora
513 2420 777 2465 terrerentur,
795 2416 837 2454 in
858 2415 1044 2453 hibernis
1065 2414 1229 2452 locavit.
1288 2415 1343 2452 Et
1363 2414 1485 2453 simul
