1747 2764
702 145 974 177 GERMANIA.
1447 142 1498 182 37

168 260 283 299 nicae
317 260 540 309 figuratum
574 260 693 298 docet
727 260 942 298 advectam
981 260 1234 309 religionem.
1308 264 1496 300 Ceterum

168 343 241 369 nec
266 330 455 368 cohibere
475 329 704 380 parietibus
726 330 823 368 deos
850 342 983 379 neque
1011 330 1053 367 in
1076 330 1204 368 ullam
1225 331 1395 369 humaui
1417 333 1498 371 oris

168 400 344 450 speciem
374 400 623 438 adsimulare
650 412 700 437 ex
727 399 1014 448 magnitudine
1039 400 1277 439 caelestium
1301 402 1499 440 arbitran-

167 474 256 508 tur:
297 470 409 507 lucos
444 482 489 507 ac
519 482 687 508 nemora
713 474 955 508 consecrant
983 471 1235 520 deorumque
1263 472 1498 511 nominibus

168 539 380 590 adpellant
402 543 604 578 secretum
626 540 732 577 illud
753 540 862 589 quod
884 539 971 578 sola
992 541 1225 578 reverentia
1244 541 1399 579 vident.
1519 551 1537 578 5

221 609 282 648 10.
323 609 524 660 Auspicia
545 610 748 659 sortisque
772 614 818 648 ut
845 610 915 660 qui
943 610 1123 648 maxime
1143 611 1389 649 observant:
1422 625 1501 650 sor-

168 680 272 718 tium
320 680 572 718 consuetudo
617 680 804 730 simplex.
882 680 1050 729 Virgam
1094 681 1321 729 frugiferae
1365 683 1501 720 arbori

168 750 347 788 decisam
382 750 425 787 in
457 749 641 788 surculos
673 753 891 800 amputant
923 763 1075 800 eosque
1108 751 1218 789 notis
1253 752 1499 801 quibusdam

168 820 367 858 discretos
393 833 515 870 super
535 820 753 858 candidam
777 824 930 858 vestem
954 824 1108 858 temere
1130 834 1176 859 ac
1197 822 1371 860 fortuito
1392 835 1502 872 spar-

169 894 280 938 gunt.
341 891 451 931 Mox,
475 890 510 928 si
534 889 696 939 publice
724 890 965 938 consulitur,
993 891 1182 929 sacerdos
1212 892 1409 940 civitatis,
1436 893 1501 931 sin
1521 901 1556 930 10

167 959 376 1010 privatim,
409 959 497 1010 ipse
528 964 644 1010 pater
673 960 871 1005 familiae,
904 964 1095 1010 precatus
1130 961 1227 999 deos
1260 962 1500 1012 caelumque

169 1030 396 1080 suspiciens
421 1034 484 1068 ter
509 1030 694 1078 singulos
721 1030 844 1077 tollit,
869 1030 1051 1069 sublatos
1081 1032 1305 1069 secundum
1334 1032 1502 1082 impres-

169 1112 256 1138 sam
287 1104 382 1138 ante
413 1103 552 1138 notam
582 1100 890 1150 interpretatur.
969 1101 1013 1139 Si
1043 1101 1356 1151 prohibuerunt,
1385 1102 1502 1140 nulla

169 1170 217 1208 de
238 1170 381 1208 eadem
402 1182 444 1207 re
460 1170 501 1207 in
524 1170 699 1208 eundem
721 1170 831 1207 diem
853 1170 1123 1219 consultati03
1154 1171 1218 1209 sin
1239 1172 1499 1221 permissum,

168 1240 441 1289 auspiciorum
465 1240 599 1278 adhuc
620 1240 723 1278 fides
745 1240 935 1289 exigitur.
985 1241 1040 1278 Et
1060 1240 1165 1278 illud
1187 1241 1353 1291 quidem
1375 1243 1500 1280 etiam
1521 1254 1556 1282 15

167 1310 234 1348 hic
254 1314 409 1357 notum,
427 1310 566 1348 avium
582 1322 701 1348 voces
718 1310 963 1360 volatusque
984 1310 1259 1360 interrogare:
1288 1313 1500 1362 proprium

169 1380 304 1428 gentis
339 1392 536 1429 equorum
567 1392 729 1430 quoque
760 1380 976 1430 praesagia
1011 1393 1057 1418 ac
1091 1381 1273 1420 monitus
1307 1383 1497 1432 experiri.
1540 1384 1556 1406 ἵ

169 1450 339 1487 Publice
373 1449 540 1487 aluntur
573 1449 703 1488 isdem
737 1450 974 1489 nemoribus
1013 1463 1059 1488 ac
1098 1451 1215 1499 lucis,
1255 1452 1420 1490 candidi
1459 1456 1500 1490 et

168 1520 283 1557 nullo
312 1519 476 1557 mortali
506 1532 627 1569 opere
658 1520 860 1569 contacti3
896 1533 997 1570 quos
1032 1534 1194 1570 pressos
1230 1534 1344 1560 sacro
1378 1535 1499 1561 curru

169 1590 356 1628 sacerdos
386 1602 432 1627 ac
461 1602 533 1626 rex
562 1590 627 1627 vel
657 1590 848 1640 princeps
878 1590 1061 1629 civitatis
1089 1592 1339 1630 comitantur
1365 1592 1499 1630 hinni-
1518 1606 1556 1633 20

167 1663 316 1710 tusque
347 1672 392 1698 ac
422 1659 614 1698 fremitus
644 1660 875 1698 observant.
933 1661 1022 1698 Nec
1051 1661 1128 1698 ulli
1155 1662 1339 1711 auspicio
1368 1663 1499 1701 maior

167 1729 280 1778 fides,
316 1742 398 1767 non
428 1729 560 1768 solum
590 1731 699 1780 apud
728 1730 902 1780 plebem,
929 1731 1038 1781 apud
1068 1743 1256 1781 proceres
1287 1733 1359 1770 sed
1388 1734 1497 1782 apud

167 1800 413 1847 sacerdotes,
457 1812 499 1837 se
541 1799 651 1837 enim
694 1800 907 1839 ministros
951 1801 1131 1848 deorum,
1174 1801 1267 1840 illos
1312 1803 1496 1841 conscios

167 1874 326 1919 putant.
398 1871 475 1909 Est
508 1874 549 1908 et
583 1870 666 1909 alia
698 1871 932 1909 observatio
965 1871 1255 1920 auspiciorum,
1292 1885 1373 1922 qua
1411 1886 1497 1921 gra-

167 1939 277 1977 vium
314 1940 514 1978 bellorum
549 1944 720 1979 eventus
755 1940 1035 1990 explorantur.
1094 1941 1195 1979 Eius
1226 1942 1372 1990 gentis,
1403 1955 1495 1980 cum
1516 1957 1552 1985 25

167 2022 248 2059 qua
289 2010 444 2047 bellum
485 2012 573 2058 ests
598 2010 808 2060 captivum
851 2023 1015 2061 quoquo
1056 2011 1178 2049 modo
1219 2011 1495 2062 interceptum

166 2091 258 2116 cum
286 2080 417 2117 electo
446 2080 707 2130 popularium
739 2093 917 2127 suorum,
945 2080 1093 2130 patriis
1123 2094 1326 2131 quemque
1356 2083 1493 2131 armis,

165 2150 437 2188 conmittunt:
484 2151 658 2188 victoria
701 2151 824 2189 huius
870 2150 933 2188 vel
971 2150 1086 2189 illius
1127 2164 1200 2201 pro
1240 2152 1495 2202 praeiudicio

164 2218 374 2268 accipitur.

614 2280 782 2311 Politicaz
808 2280 1044 2312 Institutions.

219 2353 279 2392 11.
319 2355 382 2393 De
409 2355 636 2393 minoribus
663 2355 783 2394 rebus
811 2356 1020 2406 principes
1048 2357 1298 2406 consultant,
1320 2358 1370 2396 de
1397 2358 1494 2396 mai·
1513 2367 1549 2396 30

163 2423 302 2462 oribus
337 2437 488 2473 onmes,
524 2425 583 2463 ita
615 2429 766 2473 tamen,
802 2429 847 2463 ut
880 2438 928 2463 ea
962 2438 1123 2475 quoque
1158 2439 1332 2476 quorum
1366 2440 1491 2477 penes
