1747 2764
255 128 309 170 56
675 135 713 165 P.
749 133 981 166 CORNELII
1012 133 1179 165 'morri

255 251 403 299 clarus,
439 254 485 289 ut
525 251 662 289 sidera
699 251 890 299 hebetet3
945 262 1089 288 sonum
1137 249 1307 298 insuper
1345 247 1595 296 emergentis

255 321 391 360 audiri
418 322 655 372 formasque
681 333 879 370 equorum
908 324 950 358 et
978 320 1115 358 radios
1144 319 1294 369 eapitis
1323 318 1481 368 adspioi
1510 330 1596 367 per-

256 392 394 431 suasio
420 392 557 431 adioit.
617 392 725 430 Illuc
756 404 898 441 11511116,
922 394 963 429 et
984 392 1097 429 fama
1118 402 1227 437 vera,
1253 392 1417 426 tantum
1439 392 1598 426 natura.

255 464 365 511 Ergo
395 463 477 500 iam
507 462 653 500 dextro
684 460 847 499 Suebici
877 460 1003 498 maris
1033 460 1154 497 litore
1180 458 1421 497 Aestiorum
1451 461 1594 506 gentes

218 533 483 571 5adluuntur
530 532 680 581 quibus
728 531 834 569 ritus
873 530 1125 579 habitusque
1170 529 1410 575 Sueborum,
1451 528 1596 576 lingua

256 603 523 641 Britannicae
545 602 722 652 propior.
774 602 952 639 Matrem
970 601 1094 638 deum
1110 603 1373 638 venerantur.
1424 598 1595 647 Insigne

257 673 567 724 superstitionis
607 673 763 709 formas
803 684 996 721 aprorum
1040 674 1227 719 gestant:
1273 670 1317 707 id
1355 682 1429 719 pro
1468 669 1593 707 armis

255 743 521 791 omniumque
560 741 693 779 tutela
734 753 920 779 securum
963 739 1061 776 deae
1103 739 1303 776 cultorem
1330 739 1455 777 etiam
1487 739 1595 779 inter

254 810 387 849 hostis
426 814 621 860 praestat.
695 811 831 847 Rarus
874 810 989 857 ferri,
1030 810 1226 859 frequens
1266 810 1443 847 fustium
1482 822 1592 847 usus.

199 889 237 918 10
255 882 482 918 Frumenta
500 884 739 930 ceterosque
764 880 925 918 fructus
956 880 1184 929 patientius
1215 892 1338 929 quam
1368 892 1440 929 pro
1471 879 1596 917 solita

256 952 555 989 Germanorum
584 950 735 988 inertia
765 950 964 988 laborant.
1021 950 1100 987 Sed
1131 954 1172 987 et
1202 962 1312 987 mare
1343 953 1592 995 scrutantur,

255 1034 301 1059 ao
323 1021 399 1059 soli
420 1021 603 1058 011111111111
626 1021 827 1069 511011111111,
851 1021 961 1070 (111011
985 1020 1066 1070 ipsi
1097 1020 1281 1069 glaesum
1303 1023 1463 1063 vocant,
1486 1019 1595 1057 inter

255 1092 363 1130 vada
400 1096 525 1141 atque
564 1092 607 1128 in
646 1092 737 1141 ipso
777 1091 898 1128 litore
938 1090 1093 1138 legunt.
1170 1091 1259 1127 Nec
1303 1103 1407 1139 quae
1445 1094 1595 1127 natura

255 1174 413 1212 quaeve
456 1162 562 1200 ratio
611 1162 765 1211 gignat,
805 1165 852 1199 ut
900 1161 1097 1208 barbaris,
1138 1160 1373 1210 quaesitum
1416 1172 1594 1209 comper-

199 1242 236 1271 15
254 1236 418 1281 tumve3
451 1232 523 1270 diu
552 1232 653 1282 quin
683 1232 809 1270 etiam
843 1231 952 1269 inter
991 1235 1129 1269 cetera
1160 1231 1434 1268 eiectamenta
1468 1230 1594 1268 maris

255 1303 426 1351 iacebat,
466 1304 596 1341 donee
635 1302 802 1340 luxuria
839 1306 981 1340 nostra
1020 1301 1137 1339 dedit
1175 1313 1336 1339 nomen.
1400 1300 1511 1350 Ipsis
1550 1300 1594 1337 in

254 1373 371 1412 nullo
399 1387 499 1412 usu:
536 1373 641 1422 ,111116
671 1373 834 1422 legitur,
866 1372 1045 1410 informe
1079 1372 1301 1421 perfertur,
1332 1370 1594 1421 pretiumque

254 1445 455 1483 mirantes
482 1444 705 1494 accipiunt.
777 1444 928 1481 Sucum
961 1446 1102 1481 tamen
1136 1443 1326 1480 arborum
1358 1454 1447 1480 esse
1477 1441 1594 1479 intel-

254 1514 380 1564 legas,
416 1515 515 1565 quia
547 1519 712 1552 terrena
746 1514 947 1563 quaedam
983 1517 1107 1562 atque
1143 1513 1267 1550 etiam
1299 1511 1483 1549 volucria
1512 1511 1595 1549 ani-

197 1596 237 1625 20
255 1585 382 1623 malia
410 1585 654 1635 plerumque
675 1584 940 1632 interlucent,
963 1596 1068 1633 quae
1089 1583 1305 1632 implicata
1328 1594 1468 1620 umore
1498 1594 1592 1619 mox

255 1656 498 1694 durescente
519 1655 693 1693 materia
713 1654 948 1692 cluduntur.
999 1653 1257 1691 Fecumliora
1278 1652 1405 1701 igitur
1425 1664 1594 1689 nemora

255 1726 452 1775 lucosque
477 1730 518 1764 et
548 1726 654 1764 sicut
686 1724 868 1764 Orientis
900 1724 1082 1772 secretis,
1103 1723 1174 1761 ubi
1206 1727 1299 1760 tura
1327 1722 1593 1771 balsamaque

256 1797 470 1844 sudantur,
501 1796 563 1834 ita
591 1795 830 1834 Occidentis
861 1794 1009 1832 insulis
1048 1788 1254 1842 terrisque
1294 1793 1429 1830 inesse
1467 1792 1593 1829 oredi-

255 1867 386 1905 derim
407 1878 512 1916 quae
535 1865 663 1904 vicini
685 1865 784 1904 solis
806 1865 934 1903 radiis
960 1876 1158 1914 expressa
1178 1867 1301 1912 atque
1323 1862 1529 1912 liquentia
1549 1862 1592 1899 in

197 1950 236 1979 25
255 1937 489 1988 proximum
520 1949 630 1974 mare
660 1936 857 1974 labuntur
887 1947 932 1973 ac
955 1935 997 1972 vi
1023 1937 1318 1984 tempestatum
1345 1933 1388 1970 in
1418 1933 1593 1970 adversa

254 2007 379 2045 litora
394 2007 619 2045 exundant.
680 2006 723 2044 Si
744 2009 935 2043 naturam
957 2005 1091 2043 sucini
1108 2005 1274 2042 admoto
1295 2003 1382 2051 igni
1398 2006 1590 2052 temptes,

253 2077 298 2115 in
327 2078 495 2115 modum
523 2077 669 2115 taedae
700 2076 939 2114 accenditur
964 2075 1121 2124 alitque
1153 2074 1361 2112 flammam
1394 2073 1591 2123 pinguem

254 2151 295 2186 et
316 2147 515 2196 olentem;
547 2160 643 2184 mox
663 2150 710 2184 ut
731 2147 773 2183 in
795 2146 926 2196 picem
950 2145 1180 2183 resinamve
1202 2143 1406 2181 lentescit.

308 2218 532 2256 Suionibus
559 2217 748 2255 Sitonum
773 2219 915 2265 gentes
941 2215 1248 2253 continuantur.
1309 2215 1456 2252 Cetera
1484 2213 1592 2251 511111-

196 2301 235 2331 30
253 2288 312 2326 les
345 2301 428 2326 uno
462 2287 674 2335 differunt,
706 2287 814 2336 quod
849 2286 1007 2323 femina
1041 2285 1299 2323 dominatur:
1349 2284 1392 2320 in
1426 2287 1590 2321 tantum

252 2371 335 2396 non
364 2358 484 2395 modo
514 2370 538 2395 a
566 2357 758 2395 libertate
789 2356 861 2394 sed
886 2355 1011 2393 etiam
1041 2367 1064 2393 a
1094 2354 1295 2393 servitute
1324 2354 1587 2402 degenerant.

252 2428 336 2466 Hie
358 2428 532 2466 Suebiae
553 2427 662 2465 finis.
