1747 2764
201 127 225 167 8
617 131 654 162 P.
690 130 921 163 CORNELII
952 130 1118 162 TACITI

200 249 420 297 indigenae
450 260 503 285 an
532 246 708 294 advecti,
730 249 776 284 ut
806 245 916 283 inter
946 245 1153 293 barbaros,
1185 258 1331 295 parum
1361 257 1538 296 comper-

199 325 300 357 tum.
360 317 542 356 Habitus
572 329 789 367 corporum
813 316 918 354 varii
954 319 1079 366 atque
1114 328 1165 353 ex
1201 328 1247 353 eo
1283 320 1537 364 argumenta.

199 390 390 439 Namque
420 388 572 426 rutilae
603 387 872 426 Caledoniam
902 386 1183 424 habitantium
1214 398 1365 434 comae,
1398 386 1540 435 magni

199 464 313 498 artus
347 459 638 497 Germanicam
678 457 876 505 originem
911 457 1180 505 adseverant,
1223 456 1407 495 Silurum
1438 456 1541 495 colo-

161 539 179 566 5
199 531 278 568 rati
300 530 455 576 vultus,
477 528 577 566 torti
599 528 842 578 plerumque
868 527 1002 566 crines
1033 531 1075 565 et
1104 526 1243 577 posita
1271 530 1416 565 contra
1445 527 1541 565 His-

199 602 324 651 pania
348 600 529 638 Hiberos
554 603 715 636 veteres
745 597 957 636 traiecisse
987 610 1138 647 easque
1169 597 1287 636 sedes
1317 609 1540 648 occupasse

199 671 324 709 fidem
341 671 526 718 faciunt3
549 669 728 720 proximi
747 668 882 707 Gallis
903 672 944 706 et
966 667 1124 706 similes
1146 671 1254 716 sunt,
1274 680 1345 706 seu
1363 668 1539 706 durante

195 741 369 789 originis
392 754 480 789 usu,
504 753 575 778 seu
596 738 935 790 procurrentibus
966 739 1009 776 in
1039 738 1205 776 diversa
1234 738 1357 776 terris
1386 738 1540 788 positio

198 812 301 850 caeli
335 811 575 861 corporibus
610 810 798 848 habitum
830 809 955 847 dedit.
1033 809 1085 846 In
1115 808 1357 846 universum
1399 812 1539 846 tamen

142 893 178 920 10
198 881 438 920 aestimanti
474 880 619 919 Gallos
652 880 830 917 vicinam
862 879 1043 917 insulam
1082 891 1302 929 occupasse
1341 878 1538 917 credibile

199 958 272 991 est.
330 953 484 989 Eorum
508 964 624 990 sacra
640 950 926 1001 deprehendas
943 962 988 988 ac
1011 949 1356 1000 superstitionum
1376 962 1540 999 persua-

199 1024 360 1071 siones3
406 1028 539 1061 sermo
576 1022 687 1059 haud
727 1021 905 1058 inultum
948 1020 1149 1068 diversus,
1183 1020 1226 1057 in
1267 1019 1537 1070 deposcendis

197 1093 394 1144 periculis
416 1093 559 1131 eadem
582 1092 756 1130 audacia
776 1095 828 1139 et,
852 1091 921 1128 ubi
943 1091 1160 1137 advenere,
1184 1090 1227 1127 in
1255 1090 1537 1128 detrectandis

197 1165 341 1203 eadem
379 1163 572 1201 formido.
649 1162 751 1200 Plus
795 1165 934 1199 tamen
973 1161 1153 1198 ferociae
1193 1160 1387 1198 Britanni
1425 1173 1538 1210 prae-

142 1246 178 1274 15
197 1237 350 1283 ferunt,
390 1239 437 1272 ut
475 1247 578 1284 quos
617 1233 800 1271 nondum
840 1232 965 1280 longa
1003 1244 1085 1281 pax
1124 1231 1358 1269 emollierit.
1425 1231 1537 1269 Nam

199 1306 342 1345 Gallos
364 1317 526 1355 quoque
548 1304 590 1341 in
613 1303 735 1341 bellis
752 1302 941 1341 floruisse
962 1302 1218 1351 accepimus3
1241 1314 1337 1339 111οΧ
1359 1301 1538 1350 segnitia

197 1390 289 1414 cum
324 1376 409 1414 otio
446 1374 634 1422 intravit,
669 1373 824 1412 amissa
857 1373 1014 1411 Virtute
1049 1372 1205 1422 pariter
1244 1384 1290 1410 ac
1331 1371 1534 1410 libertate.

197 1447 315 1492 Quod
348 1447 646 1484 Britannorum
685 1444 785 1482 olim
820 1443 944 1482 victis
983 1442 1143 1481 evenit:
1189 1442 1316 1480 ceteri
1354 1446 1536 1491 manent,

197 1517 340 1567 quales
363 1516 477 1556 Galli
500 1516 682 1553 fuerunt.

139 1599 179 1627 20
252 1587 313 1626 12.
354 1588 405 1624 Ι11
426 1587 566 1637 pedite
588 1586 731 1633 robur,
768 1585 971 1635 quaedam
1000 1584 1190 1622 nationes
1212 1587 1254 1622 et
1274 1596 1395 1621 curru
1424 1596 1538 1633 proe-

197 1659 364 1697 liantur.
435 1656 663 1695 Honestior
697 1655 851 1705 auriga,
877 1655 1049 1693 clientes
1078 1658 1353 1704 propugnant.
1424 1653 1535 1692 Olim

197 1729 362 1779 regibus
411 1728 624 1778 parebant,
664 1739 773 1763 nunc
822 1738 895 1775 per
944 1725 1153 1775 principes
1177 1724 1446 1775 >factionibus
1495 1727 1537 1762 et

197 1799 348 1838 studiis
388 1798 689 1836 distrahuntur.
748 1797 837 1834 Nec
872 1795 986 1833 aliud
1021 1795 1220 1833 adversus
1253 1794 1535 1832 validissimas

194 1867 329 1917 gentis
350 1880 424 1917 pro
445 1866 564 1904 nobis
587 1865 731 1904 utilius
754 1877 878 1915 quam
899 1864 1010 1914 quod
1031 1864 1074 1902 in
1099 1875 1303 1902 conniune
1332 1876 1415 1901 non
1444 1874 1535 1901 con—

135 1948 173 1976 25
194 1938 347 1976 sulunt.
394 1938 529 1975 Rarus
551 1936 709 1974 duabus
726 1935 944 1985 tribusque
961 1934 1205 1973 civitatibus
1224 1934 1277 1972 ad
1294 1932 1535 1983 propulsan—

194 2009 290 2047 dum
314 2019 516 2045 conrnune
541 2005 772 2056 periculum
793 2008 1044 2043 conventus:
1076 2004 1136 2042 ita
1157 2003 1311 2052 singuli
1332 2006 1532 2053 pugnant,

193 2078 379 2117 universi
401 2077 637 2115 vincuntur.
697 2075 867 2115 Caelum
889 2075 1043 2113 crebris
1065 2074 1268 2112 imbribus
1294 2085 1340 2111 ac
1371 2072 1534 2111 nebulis

194 2149 385 2197 foedum3
426 2147 629 2198 asperitas
659 2146 862 2196 frigorum
886 2146 1014 2184 abest.
1073 2144 1244 2182 Dierum
1269 2143 1405 2194 spatia
1425 2142 1535 2181 ultra

195 2219 327 2258 nostri
347 2219 456 2256 orbis
478 2230 736 2265 mensuram,
773 2229 854 2254 nox
876 2216 987 2254 clara
1007 2218 1048 2253 et
1072 2218 1260 2253 extrema
1289 2212 1533 2251 Britanniae

141 2299 178 2327 30
197 2293 315 2340 parte
348 2289 499 2337 brevis,
530 2292 577 2326 ut
610 2288 733 2325 finem
770 2291 896 2336 atque
930 2285 1096 2324 initium
1133 2284 1237 2322 lucis
1272 2283 1421 2332 exiguo
1455 2282 1534 2321 dis-

195 2360 366 2398 crimine
389 2359 656 2397 internoscas.
711 2357 829 2402 Quod
850 2357 885 2395 si
906 2356 1034 2394 nubes
1056 2368 1139 2393 non
1160 2353 1354 2403 officiant,
1373 2352 1533 2403 adspici

197 2443 269 2480 per
289 2434 452 2468 noctem
478 2429 578 2468 solis
599 2428 817 2477 fulgorem,
839 2439 914 2465 nec
935 2426 1120 2465 occidere
1141 2428 1183 2463 et
1204 2436 1438 2473 exsurgere,
1461 2423 1532 2462 sed
