1747 2764
174 143 227 183 12
591 148 628 179 P.
666 145 895 178 CORNELII
927 145 1094 178 TACITI

172 265 366 304 civilibus
401 265 535 312 bellis,
573 264 748 312 agitavit
784 261 1046 300 Britanniam
1081 260 1326 311 disciplina:
1367 260 1511 299 eadem

173 336 324 374 inertia
366 348 464 384 erga
502 334 648 382 hostis,
685 333 835 372 similis
875 332 1110 383 petulantia
1148 335 1389 377 castrorum,
1428 330 1511 369 nisi

172 407 283 457 quod
311 406 507 443 innocens
538 404 722 442 Bolanus
753 408 794 441 et
823 403 951 442 nullis
982 402 1147 440 delictis
1177 401 1337 440 invisus
1367 401 1512 439 carita-

171 480 256 515 tem
286 479 505 527 paraverat
535 475 624 513 loeo
654 474 926 512 auctoritatis.

135 557 153 585 5
226 547 288 586 17.
330 547 411 585 Sed
444 546 515 584 ubi
550 558 641 583 eum
677 548 811 583 cetero
842 545 937 582 orbe
966 544 1249 594 Vespasianus
1280 548 1321 581 et
1351 543 1512 581 Britan-

171 619 285 656 niam
314 617 574 667 reciperavit,
606 616 747 664 magni
782 616 916 663 duces,
948 614 1102 664 egregii
1134 615 1341 652 exercitus
1372 618 1412 652 et
1441 613 1512 651 nii-

172 693 275 727 nuta
294 688 476 727 hostium
500 700 604 737 spes.
662 686 746 738 [et]
769 687 985 723 Terrorem
1004 685 1144 724 statim
1167 685 1313 723 intulit
1334 684 1511 722 Petilius

173 759 358 807 Cerialis,
410 758 672 807 Brigantium
729 756 958 803 civitatem,
1011 762 1115 806 quae
1172 755 1513 793 numerosissima

172 829 412 880 provinciae
444 829 572 867 totius
603 828 857 878 perhibetur,
889 827 1119 875 adgressus.
1190 825 1327 863 Multa
1356 825 1513 875 proelia

117 909 154 938 10
172 905 214 939 et
252 901 477 950 aliquando
516 912 597 937 11011
641 899 880 945 inoruenta3
930 909 1204 946 magnamque
1247 896 1510 945 Brigantium

173 976 332 1022 partein
356 976 426 1009 aut
446 970 622 1008 victoria
648 969 864 1019 amplexus
892 972 955 1006 est
981 972 1053 1006 aut
1079 968 1198 1006 bello.
1258 969 1314 1005 Et
1335 966 1510 1006 Cerialis

174 1043 341 1092 quidem
367 1042 539 1080 alterius
571 1040 816 1079 successoris
844 1052 985 1077 euram
1012 1039 1251 1089 famamque
1282 1038 1508 1076 obruisset:

175 1113 455 1162 sustinuitque
486 1112 635 1149 molem
664 1110 799 1148 Iulius
828 1109 1066 1155 Frontinus,
1089 1110 1153 1147 vir
1180 1121 1366 1157 magnus,
1388 1120 1513 1158 quan-

173 1188 262 1221 tum
293 1183 457 1230 licebat,
489 1182 754 1231 validamque
789 1184 830 1217 et
864 1171 1094 1230 pugnacem
1128 1180 1313 1217 Silurum
1348 1183 1534 1229 gentem-

118 1265 154 1292 15
173 1255 297 1293 arinis
331 1253 505 1301 subegit,
538 1264 660 1302 super
692 1251 890 1288 virtutem
925 1250 1107 1288 hostium
1138 1249 1320 1287 locorum
1350 1262 1512 1299 quoque

174 1324 440 1363 difficultates
462 1323 678 1360 eluctatus.

315 1448 518 1489 Agyrienm's
543 1447 847 1478 1Ιιῐηιῖιιίείναίιόη
872 1446 914 1486 of
933 1446 1080 1478 Britain
1109 1444 1234 1485 (78-83
1260 1445 1370 1486 A.D.).

229 1526 290 1564 18.
332 1526 456 1562 Hune
480 1523 721 1561 Britanniae
744 1526 912 1569 statum,
930 1522 1005 1560 has
1025 1522 1228 1560 bellorum
1245 1522 1355 1560 vices
1377 1522 1514 1560 media

174 1598 255 1635 iam
277 1600 434 1635 aestate
455 1599 737 1643 transgressus
759 1593 956 1641 Agrieola
976 1593 1149 1639 invenit,
1172 1605 1263 1630 011111
1285 1596 1327 1630 et
1358 1592 1512 1631 milites

174 1668 290 1705 velut
325 1667 478 1704 omissa
513 1664 777 1714 expeditione
812 1664 864 1701 ad
903 1663 1167 1701 securitatem
1203 1666 1244 1700 et
1283 1663 1422 1701 hostes
1462 1663 1514 1700 ad

120 1750 157 1777 20
175 1738 429 1776 occasionem
451 1738 721 1773 verterentur.
782 1733 1031 1771 (⁷)rdovieuni
1062 1733 1210 1773 civitas
1240 1732 1352 1770 haud
1381 1732 1513 1770 multo

176 1813 271 1846 ante
301 1808 524 1845 adventum
556 1805 644 1843 eius
676 1804 783 1842 alain
810 1804 851 1841 in
877 1803 1030 1841 finibus
1056 1803 1141 1841 suis
1169 1806 1357 1851 agentem
1384 1815 1512 1853 prope

176 1879 408 1916 universam
443 1876 682 1921 obtriverat,
705 1887 833 1924 eoque
863 1873 984 1911 initio
1014 1877 1150 1911 eree-ta
1174 1873 1399 1923 provincia.
1458 1874 1513 1911 Et

177 1949 326 1999 quibus
358 1947 514 1986 belluni
544 1945 780 1984 volentibus
825 1948 925 1992 erat,
970 1944 1142 1993 probare
1187 1943 1422 1993 exemplum
1467 1956 1512 1981 ae

178 2019 354 2057 recentis
390 2017 516 2067 legati
551 2017 733 2054 animum
770 2014 963 2065 opperiri,
1000 2026 1092 2051 011111
1132 2013 1339 2062 Agricola,
1375 2027 1514 2063 quam-

122 2104 157 2131 25
178 2102 300 2139 quain
333 2091 569 2126 transvecta
603 2090 750 2133 aestas,
783 2085 916 2135 sparsi
951 2097 1022 2134 per
1052 2083 1308 2133 provinciam
1338 2083 1512 2131 numeri,

178 2162 446 2210 praesumpta
484 2157 594 2207 apud
632 2156 809 2194 militem
849 2155 963 2192 illius
1008 2153 1106 2192 anni
1146 2154 1274 2203 quies,
1314 2154 1435 2192 tarda
1473 2158 1514 2192 et

178 2229 386 2267 contraria
413 2228 568 2266 bellum
599 2226 854 2271 ineoliaturo,
888 2229 929 2262 et
958 2224 1168 2274 plerisque
1199 2224 1398 2261 custodiri
1431 2237 1515 2262 sus-

178 2304 298 2351 pecta
331 2299 468 2350 potius
504 2298 735 2344 videbatur,
770 2296 829 2333 ire
869 2295 1033 2332 obviam
1073 2294 1302 2332 discrimini
1343 2295 1510 2343 statuit3

178 2370 482 2419 contractisque
524 2368 732 2417 legionum
774 2366 939 2403 vexillis
983 2368 1023 2402 et
1066 2364 1225 2402 modica
1265 2364 1510 2402 auxiliorum

123 2457 160 2484 :50
179 2454 314 2487 manu,
343 2439 441 2489 quia
468 2439 509 2476 in
537 2450 709 2487 aequum
741 2436 908 2485 degredi
931 2434 1154 2473 Ordovices
1180 2447 1262 2472 non
1293 2435 1511 2483 audebant,
