1747 2764
204 137 259 180 52
623 145 660 176 P.
697 143 925 176 CORNELu
956 143 1123 176 ΤΑο1Τ1

204 265 414 299 vocentur.
491 260 663 309 Insigne
707 260 844 308 gentis
892 259 1105 309 obliquare
1154 259 1309 297 crinem
1351 259 1540 309 nodoque

205 331 508 379 substringere:
555 331 613 369 sic
656 330 779 368 Suebi
821 343 845 368 a
884 329 1032 369 ceteris
1074 329 1307 377 Germanis,
1349 330 1407 368 sic
1448 330 1541 368 Sue-

205 402 349 440 borum
383 401 552 449 ingenui
584 414 607 439 a
638 400 768 438 servis
804 404 1059 450 separantur.
1132 400 1183 437 In
1218 399 1312 438 aliis
1348 399 1541 449 gentibus

206 484 277 510 seu
301 471 544 520 cognatione
569 470 712 520 aliqua
738 470 965 508 Sueborum
988 483 1072 519 seu,
1095 471 1205 520 quod
1233 482 1354 520 saepe
1377 470 1539 517 accidit,

168 550 187 579 5
206 541 450 589 imitatione,
472 554 609 579 rarum
633 545 674 579 et
696 541 806 579 intra
826 541 1018 579 iuventae
1040 540 1234 591 spatium,
1257 540 1367 590 apud
1390 540 1542 578 Suebos

207 624 335 662 usque
374 612 423 649 ad
463 611 656 650 canitiem
696 612 932 649 horrentem
970 610 1166 661 capillum
1206 614 1456 660 retorquent,
1496 622 1542 648 ao

208 694 328 732 saepe
362 682 403 719 in
435 681 526 732 ipso
556 681 709 720 vertice
740 681 943 730 religant3
983 681 1192 731 principes
1222 685 1265 718 et
1294 680 1540 719 ornatiorem

208 753 372 803 habent.
443 752 505 789 Ea
533 764 631 790 cura
660 752 831 799 formae,
864 751 936 789 sed
967 751 1160 799 innoxia3
1196 763 1328 800 neque
1359 750 1467 788 enim
1498 754 1544 788 ut

201 826 342 860 ament
367 826 652 872 amenturque,
675 822 718 859 in
743 822 1011 860 altitudinem
1036 821 1244 872 quandam
1274 825 1316 859 et
1344 825 1543 859 terrorem
1598 810 1600 813 ¹

154 902 190 931 10
208 891 363 930 adituri
394 891 505 929 bella
535 891 740 941 comptius
771 891 953 930 hostium
984 892 1114 930 oeulis
1144 895 1353 930 ornantur.

729 1025 801 1058 lee
829 1026 1031 1059 Semnones.

261 1103 323 1142 39.
365 1102 730 1142 Vetustissimosse
752 1101 1114 1150 nobilissimosque
1138 1100 1365 1139 Sueborum
1384 1101 1547 1139 Semno-

206 1187 278 1212 nes
296 1177 542 1221 memorant3
565 1173 668 1209 fides
686 1171 952 1220 antiquitatis
968 1170 1168 1219 religione
1185 1170 1384 1209 firmatur.
1430 1172 1547 1209 Stato

207 1248 391 1294 tempore
423 1243 466 1280 in
498 1243 646 1280 silvam
679 1242 862 1290 auguriis
895 1246 1059 1291 patrum
1089 1246 1131 1279 et
1159 1242 1296 1291 prisca
1322 1241 1545 1279 formidine

209 1326 364 1352 sacram
408 1325 547 1351 omnes
591 1313 775 1350 eiusdem
820 1312 1036 1360 sanguinis
1079 1311 1221 1362 populi
1264 1311 1542 1360 legationibus

153 1392 189 1420 15
209 1388 358 1423 coeunt
386 1396 585 1433 caesoque
613 1382 777 1433 publice
804 1382 971 1420 homine
1002 1382 1214 1420 celebrant
1244 1382 1407 1420 barbari
1439 1382 1545 1420 ritus

209 1455 414 1493 horrenda
441 1453 679 1503 primordia.
738 1453 816 1491 Est
841 1456 881 1490 et
908 1452 991 1490 alia
1019 1452 1112 1490 luco
1142 1452 1394 1490 reverentia:
1427 1465 1546 1489 nemo

210 1525 291 1562 nisi
325 1524 491 1562 vinculo
526 1524 679 1571 ligatus
714 1522 959 1571 ingreditur,
990 1526 1037 1560 ut
1068 1522 1202 1560 minor
1227 1527 1268 1560 et
1297 1526 1546 1572 potestatem

210 1595 392 1633 numinis
414 1606 511 1644 prae
533 1606 574 1632 se
596 1594 746 1631 ferens.
809 1593 853 1631 Si
876 1593 984 1631 forte
1010 1592 1229 1642 prolapsus
1250 1596 1324 1639 est,
1339 1592 1484 1630 adtolli
1507 1596 1547 1630 et

210 1666 423 1713 insurgere
444 1665 555 1702 haud
576 1664 760 1701 licitum:
792 1676 864 1713 per
888 1663 1061 1700 humum
1082 1663 1340 1700 evolvuntur.
1405 1663 1547 1712 quue

154 1746 192 1774 20
211 1736 344 1774 omnis
381 1734 624 1785 superstitio
658 1733 838 1784 respicit,
871 1736 1082 1782 tamquam
1118 1732 1213 1770 inde
1246 1732 1369 1770 initia
1398 1732 1545 1781 gentis,

212 1806 269 1844 ibi
290 1809 482 1854 regnator
503 1804 687 1842 omnium
707 1804 820 1851 deus,
838 1807 974 1840 cetera
994 1802 1181 1841 subiecta
1201 1792 1324 1851 atque
1345 1802 1545 1852 parentia.

212 1875 357 1914 Adicit
390 1875 679 1913 auctoritatem
715 1874 884 1911 fortuna
920 1873 1192 1911 Semnonum:
1229 1876 1394 1909 centnm
1431 1872 1548 1922 pagis

213 1946 418 1993 habitant,
458 1956 689 1994 magnoque
728 1955 895 1993 corpore
935 1942 1109 1980 efficitur
1149 1946 1195 1979 ut
1236 1955 1277 1980 se
1322 1942 1547 1980 Sueborum

213 2020 338 2066 caput
368 2016 550 2053 credant.

460 2139 531 2170 The
559 2138 669 2170 Seven
696 2138 852 2170 Nerthus
878 2137 1022 2177 Peopzes
1047 2137 1119 2168 and
1143 2137 1233 2168 their
1257 2136 1347 2168 Cult.

158 2227 196 2256 25
266 2216 330 2255 40.
372 2217 525 2255 Contra
554 2215 848 2264 Langobardos
884 2214 1071 2264 paucitas
1105 2213 1320 2251 nobilitat:
1358 2212 1550 2263 plurimis

215 2300 261 2326 ac
294 2286 594 2325 valentissimis
628 2286 867 2324 nationibus
901 2284 1028 2323 cincti
1061 2297 1145 2322 non
1182 2297 1256 2334 per
1294 2284 1549 2333 obsequium,

215 2358 287 2396 sed
315 2356 482 2407 proeliis
513 2369 559 2394 ao
589 2355 863 2406 periclitando
892 2354 973 2392 tuti
1005 2358 1111 2392 sunt.
1170 2353 1380 2401 Reudigni
1402 2353 1550 2391 deinde

215 2431 256 2467 et
278 2427 460 2466 Aviones
487 2430 529 2464 et
549 2425 693 2475 Anglii
725 2429 766 2463 et
786 2425 932 2464 Varini
961 2428 1002 2462 et
1031 2424 1217 2462 Eudoses
1248 2427 1289 2461 et
1319 2423 1551 2465 Suardones
