1747 2764
656 145 929 176 GERMANIA.
1404 138 1456 178 47

531 262 600 293 The
628 261 760 292 Batavi
785 261 856 292 and
883 260 1055 291 Mattiaci.

176 344 238 384 29.
276 344 470 384 Omnium
500 343 646 381 harum
675 343 859 391 gentium
888 342 1042 380 virtute
1072 341 1281 392 praecipui
1308 343 1456 380 Batavi

123 428 205 453 non
238 414 413 453 inultum
443 427 493 452 ex
524 414 624 464 ripa,
657 413 728 452 sed
760 412 939 451 insulam
970 411 1109 450 Rheni
1139 412 1272 450 amnis
1304 412 1456 459 eolunt,

124 485 370 524 Chattorum
401 484 609 534 quondam
642 483 818 533 populus
850 487 891 520 et
923 482 1126 521 seditione
1158 482 1383 520 domestica
1415 483 1454 520 in

124 567 192 593 eas
236 555 353 593 sedes
388 558 670 603 transgressus
702 553 745 590 iu
777 552 927 602 quibus
960 565 1054 602 pars
1086 552 1264 590 Romani
1293 552 1456 601 imperii

123 625 280 663 fierent.
330 626 474 663 Manet
495 624 623 662 honos
641 628 681 661 et
698 623 894 673 antiquae
917 622 1125 661 societatis
1147 622 1332 671 insigne;
1362 635 1457 660 nam
1475 628 1493 655 5

124 708 196 733 1100
228 695 395 733 tributis
430 697 751 732 contemnuntur
790 705 863 731 neo
902 692 1146 743 publicanus
1187 691 1362 734 adterit;
1394 704 1457 728 ex-

125 765 253 815 empti
275 764 466 802 oneribus
487 768 528 802 et
547 763 851 801 conlationibus
873 767 914 800 et
937 766 1101 800 tantuin
1128 762 1171 799 111
1198 775 1316 800 11311111
1347 774 1457 811 proe-

123 835 273 872 liorum
315 834 499 884 sepositi,
543 834 659 871 velut
704 833 788 871 tela
832 838 956 883 atque
1000 846 1125 877 arma,
1169 832 1289 870 bellis
1333 844 1457 870 reser-

125 909 284 943 vantur.
342 905 419 943 Est
452 905 495 941 in
529 904 671 941 eodem
702 903 899 953 obsequio
930 906 972 940 et
1005 903 1298 940 Mattiacorum
1333 915 1455 951 gens,

124 974 298 1025 protulit
328 974 437 1012 enim
467 974 710 1023 magnitudo
739 973 882 1023 populi
912 973 1088 1011 Romani
1118 973 1229 1010 ultra
1263 972 1454 1010 Rhenum
1478 978 1514 1006 10

123 1045 314 1095 ultraque
335 1048 495 1083 veteres
518 1044 716 1082 terminos
738 1043 902 1093 imperii
924 1043 1209 1081 reverentiam.
1271 1043 1338 1080 Ita
1362 1043 1456 1081 sede

124 1115 357 1165 finibusque
382 1115 425 1152 in
452 1127 526 1161 sua
550 1115 653 1164 ripa,
676 1117 812 1151 mente
837 1113 1055 1162 animoque
1080 1113 1294 1151 nobiseum
1315 1116 1456 1161 agunt,

124 1188 261 1223 cetera
287 1184 444 1223 similes
473 1184 657 1231 Batavis,
681 1183 761 1222 nisi
776 1183 886 1233 quod
914 1183 1004 1233 ipso
1031 1183 1166 1221 adhue
1196 1187 1331 1220 terrae
1361 1195 1457 1220 suae

125 1255 211 1293 solo
242 1259 283 1293 et
311 1255 424 1293 caelo
453 1254 589 1292 aerius
619 1254 866 1292 animantur.

177 1325 274 1362 Non
294 1324 597 1362 numeraverim
613 1324 722 1361 inter
739 1323 986 1361 Germaniae
1003 1322 1190 1372 populos,
1208 1335 1458 1372 quamquam
1478 1329 1513 1357 15

125 1398 240 1432 trans
267 1394 461 1432 Rhenum
492 1393 812 1442 Danuviumque
841 1393 1115 1439 consederint,
1144 1405 1211 1430 eos
1242 1392 1312 1442 qui
1343 1393 1459 1430 deeu-

125 1468 254 1502 niates
284 1476 402 1513 agros
433 1467 649 1501 exercent:
691 1463 928 1501 levissimus
963 1463 1138 1512 quisque
1172 1462 1388 1501 Gallorum
1418 1466 1458 1499 et

125 1534 266 1584 inopia
286 1534 420 1572 audax
442 1533 591 1571 dubiae
612 1533 885 1583 possessionis
907 1532 1039 1570 solum
1060 1544 1332 1582 occupavere,
1365 1545 1458 1569 mox

125 1603 259 1641 limite
286 1607 376 1642 aeto
404 1603 684 1653 promotisque
714 1602 933 1652 praesidiis
961 1602 1076 1640 sinus
1103 1602 1266 1651 imperii
1295 1606 1336 1640 et
1363 1614 1457 1652 pars

125 1673 361 1724 provinciae
390 1673 604 1711 habentur.
1477 1681 1514 1709 20

680 1785 751 1818 The
774 1786 904 1818 Glzatczf.
931 1762 937 1769 Ι

178 1869 238 1908 30.
285 1869 407 1909 Ultra
437 1869 510 1907 hos
543 1868 684 1907 Chatti
720 1868 887 1905 initium
916 1867 1026 1906 sedis
1043 1868 1094 1905 ab
1114 1867 1327 1917 Hei·s·ynio
1349 1867 1458 1905 saltu

123 1941 330 1988 inoohant,
361 1952 444 1977 non
473 1939 533 1976 ita
563 1937 706 1976 effusis
729 1950 773 1975 ae
800 1937 1056 1987 palustribus
1086 1937 1198 1980 loeis,
1227 1942 1272 1975 ut
1299 1941 1457 1974 eeterae

124 2009 328 2057 civitates,
351 2009 396 2046 in
420 2021 522 2058 quas
548 2007 771 2046 Germania
800 2007 999 2057 patescit,
1032 2007 1229 2044 durantes
1264 2006 1342 2058 [si]
1373 2007 1458 2055 qui-

125 2080 218 2117 dem
251 2079 376 2117 eolles
404 2078 606 2128 paulatini
638 2082 852 2115 rarescunt
897 2081 938 2114 et
977 2077 1151 2116 Chattos
1191 2090 1285 2115 suos
1326 2077 1457 2114 saltus

126 2149 363 2199 Hercynius
390 2148 655 2198 prosequitur
683 2147 805 2185 simul
832 2159 877 2185 ae
904 2147 1085 2196 deponit.
1146 2146 1323 2184 Duriora
1344 2147 1458 2194 genti
1478 2154 1513 2180 25

125 2231 307 2268 corpora,
325 2217 460 2256 stricti
481 2221 608 2261 artus,
632 2217 773 2255 minax
794 2216 934 2254 vultus
963 2220 1004 2253 et
1030 2216 1309 2264 maior-animi
1329 2216 1455 2264 vigor.

126 2288 320 2335 Multum,
341 2291 388 2325 ut
411 2287 520 2325 inter
550 2288 788 2333 Germanos,
810 2286 984 2324 rationis
1011 2298 1056 2324 ae
1084 2286 1314 2324 sollertiae:
1347 2298 1458 2335 prae-

125 2370 276 2408 ponere
300 2357 464 2405 electos,
487 2357 631 2395 audire
661 2356 930 2406 praepositos,
953 2368 1074 2394 nosse
1100 2355 1277 2399 ordines,
1299 2355 1458 2392 intelle—

127 2439 219 2475 gere
240 2427 486 2473 occasiones,
508 2427 675 2463 differre
703 2426 894 2475 impetus,
917 2426 1135 2475 disponere
1157 2425 1278 2467 diem,
1303 2425 1457 2462 vallare
