1747 2764
450 458 501 504 P.
547 457 862 505 CORNELII
905 458 1131 505 TACITI

520 579 585 610 DE
614 579 733 610 VITA
761 579 823 610 ET
855 579 1072 611 MORIBUS

261 684 563 765 IULH
644 683 1332 746 AGRIOOLAE

690 818 891 859 LIBER.

664 942 920 974 Introduction.

182 1026 216 1064 1.
257 1025 470 1064 Clarorum
491 1024 671 1062 virorum
699 1024 812 1062 facta
838 1037 1054 1074 moresque
1079 1024 1256 1074 posteris
1284 1025 1459 1073 tradere,

128 1095 359 1145 antiquitus
380 1095 660 1142 usitatuin,⁴ne
680 1094 834 1132 nostris
857 1094 1025 1144 quidem
1046 1095 1302 1144 temporibus
1323 1107 1462 1145 quam-

129 1178 251 1215 quam
289 1165 497 1203 incuriosa
535 1177 700 1202 suorum
739 1168 852 1202 aetas
891 1164 1044 1213 omisit,
1081 1165 1272 1214 quotiens
1311 1177 1462 1214 magna

129 1235 269 1285 aliqua
297 1247 343 1274 ac
372 1235 523 1274 nobilis
554 1235 686 1273 virtus
717 1234 817 1272 vicit
847 1247 892 1272 ac
923 1246 1190 1284 supergressa
1218 1238 1282 1272 est
1312 1233 1461 1272 vitium

128 1305 268 1354 parvis
292 1305 534 1354 magnisque
555 1304 794 1342 civitatibus
815 1316 1030 1349 conrnune,
1052 1303 1329 1351 ignorantiam
1359 1303 1461 1340 recti
1480 1314 1498 1342 5

129 1379 170 1414 et
190 1375 404 1412 invidiam.
464 1374 545 1412 Sed
566 1374 676 1423 apud
692 1373 861 1422 priores,
876 1376 922 1410 ut
944 1384 1063 1421 agere
1085 1372 1210 1421 digna
1231 1376 1462 1411 memoratu

128 1458 302 1495 pronum
317 1445 530 1493 magisque
547 1443 591 1481 in
612 1449 754 1493 aperto
776 1446 874 1489 erat,
894 1442 953 1480 ita
972 1442 1264 1481 celeberrimus
1285 1443 1461 1493 quisque

129 1515 294 1564 ingenio
315 1515 366 1552 ad
387 1514 639 1564 prodendam
661 1512 830 1550 virtutis
852 1512 1104 1560 memoriam,
1127 1512 1215 1550 sine
1237 1513 1370 1562 gratia
1389 1516 1462 1550 aut

130 1585 365 1632 ambitione,
397 1585 525 1622 bonae
558 1587 721 1621 tantum
754 1582 1028 1620 conscientiae
1057 1582 1191 1632 pretio
1221 1583 1458 1621 ducebatur.

129 1656 191 1693 Ac
225 1655 411 1704 plerique
451 1666 566 1692 suam
604 1652 685 1703 ipsi
720 1652 848 1690 vitam
888 1665 1055 1690 narrare
1089 1652 1284 1690 fiduciam
1322 1653 1460 1702 potius
1480 1662 1518 1691 10

129 1738 286 1763 morum
318 1737 441 1774 quam
471 1723 755 1773 adrogantiam
782 1722 981 1771 arbitrati
994 1727 1101 1770 sunt,
1124 1735 1198 1760 nec
1227 1723 1270 1760 id
1299 1723 1462 1761 Rutilio

129 1799 170 1833 et
192 1795 343 1833 Scauro
359 1794 463 1832 citra
482 1793 605 1831 fidem
622 1797 693 1831 aut
713 1792 1003 1831 obtrectationi
1028 1792 1133 1830 fuit:
1163 1793 1264 1830 adeo
1284 1793 1462 1831 virtutes

130 1865 261 1903 isdem
290 1857 546 1914 temporibus
577 1863 732 1913 optime
768 1862 1043 1901 aestimantur
1076 1862 1226 1912 quibus
1262 1862 1461 1901 facillime

130 1935 365 1984 gignuntur.
423 1934 482 1971 At
510 1946 619 1971 nunc
648 1937 863 1971 narraturo
892 1932 996 1970 mihi
1023 1932 1153 1970 vitam
1181 1933 1369 1971 defuncti
1395 1933 1462 1970 ho-

130 2005 253 2042 minis
281 2004 403 2042 venia
431 2016 532 2053 opus
567 2003 662 2051 fuit,
693 2015 817 2052 quani
851 2015 933 2040 non
965 2002 1164 2052 petissem
1198 2002 1461 2041 incusaturus
1481 2015 1517 2042 15

129 2079 214 2112 tam
242 2086 365 2113 saeva
390 2077 432 2111 et
458 2073 614 2111 infesta
638 2072 864 2110 virtutibus
889 2076 1086 2122 tempora.

183 2143 220 2182 2.
260 2143 467 2192 Legimus,
485 2156 577 2181 cum
594 2142 778 2180 Aruleno
799 2142 972 2180 Rustico
992 2143 1146 2180 Paetus
1168 2142 1363 2190 Thrasea,
1381 2142 1463 2180 He-

130 2213 273 2252 rennio
298 2213 513 2251 Senecioni
540 2212 707 2250 Priscus
737 2211 963 2249 Helvidius
994 2211 1153 2249 laudati
1184 2216 1332 2260 essent,
1355 2212 1463 2261 capi-

130 2284 214 2322 tale
242 2283 385 2331 fuisse,
410 2294 542 2332 neque
573 2282 617 2319 in
639 2282 752 2332 ipsos
782 2281 902 2319 modo
933 2285 1132 2329 auctores,
1159 2281 1231 2320 sed
1260 2281 1303 2318 in
1333 2281 1461 2320 libros

131 2365 292 2403 quoque
322 2365 462 2390 eorum
489 2352 707 2399 saevitum,
739 2351 928 2400 delegato
956 2350 1188 2389 triumviris
1216 2351 1460 2399 ministerio,
1481 2361 1518 2389 20

131 2426 178 2460 ut
207 2425 474 2460 monumenta
505 2421 828 2460 clarissimorum
857 2420 1117 2469 ingeniorum
1148 2420 1191 2457 in
1220 2420 1386 2459 comitio
1415 2433 1462 2459 ac

785 2491 802 2522 1
