1747 2764
683 127 941 159 AGRICOLA.
1426 120 1479 160 23

149 258 254 293 quus
275 250 337 282 est
358 257 552 281 numerus
574 243 814 291 ignavorum
837 246 878 279 et
898 242 1182 280 metuentium.
1240 242 1349 286 Quos
1370 242 1480 290 quod

148 314 315 351 tandem
343 313 576 359 invenistis,
602 325 683 350 non
710 312 965 359 restiterunt,
995 312 1066 349 sed
1096 311 1341 361 deprehensi
1367 316 1478 359 sunt,

148 384 396 421 novissimae
417 396 480 421 res
502 387 543 420 et
563 386 768 420 extremus
795 386 928 420 metus
955 394 1124 431 corpora
1150 381 1329 419 defixere
1350 382 1393 418 in
1414 381 1479 419 his

147 453 348 502 vestigiis,
380 454 423 490 in
457 453 606 503 quibus
642 452 858 502 pulchram
892 455 932 489 et
965 451 1234 502 spectabilem
1264 451 1478 490 victoriam

148 523 335 562 ederetis.
395 523 633 572 Transigite
657 534 750 560 cum
774 522 1121 572 expeditionibus,
1142 522 1344 572 imponite
1366 522 1482 572 quin-
1499 529 1517 557 5

148 593 349 643 quaginta
386 593 505 631 annis
544 605 739 641 magnum
773 592 896 640 diem,
927 592 1153 642 adprobate
1193 592 1251 630 rei
1291 592 1480 642 publicae

148 676 372 714 numquam
411 663 612 701 exercitui
650 662 849 713 imputari
888 663 1074 713 potuisse
1108 666 1179 701 aut
1214 675 1347 701 moras
1382 662 1479 701 belli

149 738 221 772 aut
249 745 393 772 causas
423 732 677 771 rebellandi.'

538 860 656 891 Battle
681 864 718 891 at
744 859 870 891 Mounc
898 858 1092 899 Graupius.

201 941 264 981 35.
304 943 360 980 Et
390 942 637 992 adloquente
667 942 800 980 adhuc
828 942 1023 990 Agricola
1044 942 1223 980 militum
1245 942 1367 980 ardor
1388 942 1483 980 emi-

149 1012 284 1060 nebat,
306 1016 348 1050 et
376 1011 500 1050 finem
530 1011 728 1050 orationis
759 1012 903 1060 ingens
934 1011 1127 1050 alacritas
1157 1016 1378 1050 consecuta
1408 1016 1483 1058 est,
1506 1016 1541 1043 10

150 1082 374 1132 statimque
398 1082 450 1120 ad
471 1094 585 1120 arma
606 1082 847 1120 discursum.
906 1082 1134 1120 Instinctos
1156 1082 1396 1132 ruentisque
1426 1082 1485 1121 ita

150 1152 366 1202 disposuit,
397 1156 443 1190 ut
472 1152 660 1202 peditum
692 1152 861 1199 auxilia,
893 1164 997 1202 quae
1032 1156 1123 1190 octo
1157 1152 1319 1189 milium
1352 1156 1481 1198 erant,

150 1222 328 1260 mediam
356 1222 485 1260 aciem
512 1222 736 1269 firmarent,
758 1222 946 1272 equitum
966 1222 1048 1260 tria
1068 1221 1185 1259 milia
1205 1222 1396 1260 cornibus
1418 1222 1483 1260 ad-

150 1292 435 1330 funderentur.
494 1292 696 1341 Legiones
717 1305 791 1342 pro
811 1292 922 1330 vallo
942 1296 1105 1338 stetere,
1124 1292 1269 1340 ingens
1286 1283 1482 1330 victoriae

151 1361 274 1400 decus
301 1361 406 1399 citra
433 1362 667 1400 Romanum
696 1361 938 1411 sanguinem
968 1361 1165 1409 bellandi,
1187 1366 1229 1399 et
1268 1361 1482 1410 auxilium,
1504 1368 1540 1396 15

151 1431 185 1470 si
226 1431 488 1482 pellerentur.
547 1432 843 1470 Britannorum
869 1432 976 1470 acies
1004 1432 1047 1469 in
1079 1431 1258 1482 speciem
1285 1432 1408 1470 simul
1439 1444 1483 1470 ac

150 1505 348 1539 terrorem
387 1501 633 1540 editioribus
679 1501 780 1539 locis
825 1502 1071 1540 constiterat
1109 1501 1180 1544 ita,
1219 1506 1266 1539 ut
1304 1502 1484 1551 primum

151 1583 298 1619 agmen
331 1571 374 1608 in
405 1583 546 1621 aequo,
577 1571 703 1609 ceteri
735 1583 807 1621 per
839 1571 999 1609 adclive
1026 1572 1169 1620 iugum
1198 1571 1343 1609 conexi
1371 1571 1484 1609 velut

151 1641 433 1690 insurgerent3
466 1641 603 1679 media
625 1641 760 1691 campi
791 1641 1054 1679 covinnarius
1084 1643 1208 1691 eques
1237 1642 1415 1692 strepitu
1439 1654 1484 1679 ac

150 1710 339 1749 discursu
376 1708 620 1761 complebat.
692 1712 797 1749 Tum
828 1711 1023 1767 Agricola
1053 1716 1273 1761 superante
1302 1712 1485 1750 hostium
1503 1720 1541 1748 20

152 1780 418 1819 multitudine
436 1781 604 1829 veritus,
626 1793 676 1819 ne
698 1781 740 1818 in
761 1782 941 1819 frontem
962 1781 1086 1820 simul
1107 1786 1148 1819 et
1168 1782 1299 1820 latera
1319 1794 1484 1820 suorum

150 1847 414 1901 pugnaretur,
455 1851 635 1889 diductis
687 1852 914 1899 ordinibus,
955 1864 1204 1902 quamquam
1258 1852 1484 1902 porrectior

150 1920 258 1958 acies
296 1920 440 1959 futura
474 1925 561 1959 erat
595 1926 637 1959 et
670 1922 936 1960 arcessendas
971 1921 1158 1972 plerique
1197 1922 1380 1970 legiones
1420 1922 1486 1960 ad-

151 1989 384 2038 monebant,
406 1991 634 2041 promptior
658 1991 701 2028 in
726 2003 842 2041 spem
862 1995 904 2029 et
922 1991 1067 2030 firmus
1093 1992 1291 2039 adversis,
1314 1991 1485 2030 dimisso

151 2072 256 2109 equo
284 2060 410 2110 pedes
441 2064 536 2098 ante
567 2060 722 2098 vexilla
751 2061 951 2099 constitit.
1503 2072 1540 2100 25

205 2128 268 2168 36.
313 2130 375 2167 Ac
398 2130 531 2180 primo
552 2142 774 2179 congressu
801 2131 962 2169 eminus
991 2131 1246 2179 certabatur;
1278 2131 1483 2181 simulque

151 2199 396 2247 constantia,
419 2200 541 2237 simul
567 2204 655 2238 arte
681 2200 874 2239 Britanni
895 2201 1134 2250 ingentibus
1161 2201 1311 2250 gladiis
1335 2206 1376 2239 et
1400 2201 1484 2239 bre-

152 2268 270 2307 vibus
291 2269 440 2307 caetris
461 2269 637 2308 missilia
651 2274 885 2308 nostrorum
903 2271 1035 2309 vitare
1052 2271 1117 2309 vel
1139 2275 1342 2319 excutere,
1360 2275 1483 2321 atque

151 2338 232 2388 ipsi
262 2351 453 2388 magnam
483 2339 566 2377 vim
595 2339 770 2378 telorum
802 2341 1113 2390 superfundere,
1136 2341 1264 2378 donec
1290 2340 1486 2389 Agricola

153 2408 403 2446 Batavorum
434 2408 620 2447 cohortes
650 2409 725 2447 tris
757 2422 801 2447 ac
831 2411 1090 2458 Tungrorum
1118 2411 1219 2448 duas
1247 2410 1483 2448 cohortatus
1502 2418 1540 2446 30
