1747 2764
724 151 980 183 AGRICOLA.
1468 146 1487 184 1
1498 145 1519 184 1

191 269 389 307 maiorum
420 281 585 306 suorum
614 265 929 304 aemularentur.
989 266 1105 302 Neve
1130 265 1277 314 proelii
1302 266 1422 303 unius
1450 270 1520 303 aut

191 339 360 377 alterius
388 341 540 375 eventu
567 339 854 387 pavescerent:
890 335 982 385 plus
1004 335 1194 384 impetus,
1217 335 1412 373 maiorem
1431 348 1520 373 con-

192 409 387 447 stantiam
422 421 545 457 penes
580 406 749 444 miseros
784 418 882 444 esse.
943 406 1031 443 Iam
1067 405 1361 443 Britannorum
1396 406 1518 444 etiam

191 480 287 517 deos
309 478 505 524 misereri,
528 477 599 526 qui
620 477 851 513 Romanum
874 476 1017 513 ducem
1038 476 1261 523 absentem,
1279 476 1350 526 qui
1372 476 1521 524 relega—

190 554 279 587 tum
300 548 342 585 in
363 548 445 586 alia
466 547 604 585 insula
624 546 850 584 exercitum
873 546 1130 593 detinerent3
1162 546 1242 584 iam
1263 546 1387 595 ipsos,
1411 547 1519 595 quod
1540 554 1556 578 '›

191 618 477 656 difficillimum
502 617 640 664 fuerit,
663 616 902 654 deliberare.
961 616 1088 653 Porro
1115 615 1157 652 in
1186 616 1273 654 eius
1300 616 1411 653 modi
1432 629 1521 653 con—

192 689 298 726 siliis
330 687 598 737 periculosius
629 699 717 724 esse
747 686 1002 736 deprehendi
1032 698 1154 735 quam
1186 686 1344 724 audere.

245 757 306 796 16.
348 758 428 795 His
468 761 591 806 atque
629 756 782 794 talibus
822 757 865 793 in
904 756 1035 793 vicem
1074 756 1275 799 instincti,
1316 757 1522 794 Boudicca

192 828 351 877 generis
374 827 475 876 regii
496 826 654 864 femina
675 827 774 864 duce
799 826 949 876 (neque
971 826 1080 863 enim
1102 839 1244 864 sexum
1265 826 1308 863 in
1336 826 1521 875 imperiis

193 898 448 949 discernunt)
486 909 695 946 sumpsere
730 896 912 934 universi
945 896 1122 938 bellum:
1163 908 1208 934 ac
1248 909 1411 945 sparsos
1451 909 1523 946 per
1543 905 1578 932 10

192 968 363 1006 castella
390 967 544 1004 milites
579 967 816 1014 consectati,
851 966 1100 1016 expugnatis
1135 966 1354 1015 praesidiis
1389 967 1521 1016 ipsam

192 1038 391 1076 coloniam
434 1037 621 1075 invasere
658 1040 706 1074 ut
744 1037 881 1074 sedem
922 1036 1148 1077 servitutis.
1188 1048 1262 1074 nec
1304 1036 1435 1074 ullum
1480 1037 1521 1073 in

192 1108 376 1146 barbaris
409 1107 605 1146 saevitiae
641 1120 768 1155 genus
801 1107 941 1144 omisit
979 1107 1039 1144 ira
1077 1111 1118 1143 et
1158 1106 1342 1144 victoria.
1406 1107 1521 1151 Quod

192 1178 274 1216 nisi
317 1178 517 1215 Paulinus
562 1177 726 1225 cognito
772 1177 1007 1226 provinciae
1054 1180 1167 1214 motu
1212 1189 1384 1227 propere
1435 1177 1523 1215 sub-

192 1248 386 1295 venisset,
431 1248 584 1285 amissa
622 1247 843 1284 Britannia
880 1248 1011 1294 foret3
1052 1260 1174 1295 quam
1214 1247 1336 1284 unius
1376 1246 1523 1296 proelii
1544 1253 1578 1280 15

192 1318 362 1356 fortuna
391 1317 519 1355 veteri
547 1316 772 1366 patientiae
803 1316 999 1354 restituit.
1021 1316 1257 1353 tenentibus
1280 1329 1390 1353 arma
1422 1316 1525 1365 pler-

194 1388 311 1437 isque
341 1400 443 1437 quos
469 1387 719 1424 conscientia
745 1387 992 1424 defectionis
1019 1391 1060 1424 et
1091 1387 1280 1436 proprius
1308 1399 1357 1424 ex
1388 1386 1523 1435 legato

193 1458 317 1494 timor
337 1457 532 1505 agitabat,
554 1469 616 1504 ne,
635 1469 883 1506 quamquam
905 1457 1092 1504 egregius
1113 1462 1258 1499 cetera,
1277 1456 1524 1504 adroganter

190 1529 231 1566 in
262 1527 423 1565 deditos
453 1531 493 1564 et
524 1531 569 1564 ut
599 1539 694 1564 suae
725 1527 898 1576 quisque
929 1526 1103 1563 iniuriae
1134 1526 1243 1563 ultor
1274 1525 1415 1563 durius
1435 1538 1524 1563 con-

194 1595 355 1633 suleret.
426 1594 581 1632 Missus
612 1594 738 1641 igitur
768 1594 987 1631 Petronius
1015 1594 1284 1643 Turpilianus
1311 1600 1523 1644 tamquam
1543 1605 1580 1632 20

194 1664 442 1702 exorabilior
469 1668 509 1701 et
537 1663 699 1701 delictis
727 1663 909 1701 hostium
938 1676 1067 1701 novus
1096 1677 1222 1713 eoque
1243 1665 1522 1713 paenitentiae

194 1734 345 1781 mitior,
377 1733 615 1783 compositis
645 1733 850 1782 prioribus
881 1733 987 1770 nihil
1018 1734 1128 1771 ultra
1159 1746 1283 1771 ausus
1317 1735 1523 1772 Trebellio

195 1804 377 1841 Maximo
398 1803 652 1853 provinciam
669 1803 853 1840 tradidit.
904 1803 1135 1841 Trebellius
1157 1804 1320 1852 segnior
1336 1808 1376 1842 et
1396 1805 1522 1842 nullis

194 1878 421 1912 castrorum
451 1873 760 1922 experimentis,
795 1873 989 1911 comitate
1019 1874 1197 1922 quadam
1232 1875 1403 1912 curandi
1436 1887 1524 1924 pro—

194 1943 373 1980 vinciam
394 1943 539 1980 tenuit.
598 1942 789 1980 Didicere
820 1943 901 1980 iam
931 1943 1094 1981 barbari
1123 1957 1284 1993 quoque
1313 1944 1524 1993 ignoscere
1543 1952 1579 1980 25

194 2013 310 2051 vitiis
349 2013 672 2059 blandientibus,
713 2017 754 2049 et
790 2012 1051 2050 interventus
1092 2013 1279 2050 civilium
1318 2026 1523 2052 armorum

196 2082 386 2132 praebuit
419 2082 570 2120 iustam
609 2082 809 2129 segnitiae
848 2083 1173 2120 excusationem:
1215 2084 1284 2121 sed
1318 2084 1525 2122 discordia

196 2153 438 2199 laboratum,
469 2165 561 2189 cum
592 2152 788 2190 adsuetus
818 2153 1152 2202 expeditionibus
1183 2153 1303 2191 miles
1335 2155 1418 2191 otio
1449 2154 1525 2192 las-

196 2222 352 2259 civiret.
411 2222 654 2266 Trebellius,
677 2223 778 2271 fuga
806 2235 851 2260 ac
882 2223 1051 2260 latebris
1073 2224 1206 2260 vitata
1231 2224 1436 2261 exercitus
1465 2225 1525 2261 ira

198 2291 412 2329 indecorus
440 2296 564 2341 atque
591 2292 774 2337 humilis,
797 2293 980 2341 precario
1011 2305 1102 2330 mox
1127 2293 1320 2342 praefuit,
1343 2306 1388 2331 ac
1412 2294 1525 2331 velut
1544 2302 1580 2329 30

198 2361 320 2410 pacti,
352 2361 556 2398 exercitus
596 2361 818 2409 licentiam,
850 2362 932 2399 dux
969 2362 1143 2400 salutem
1180 2368 1220 2399 et
1256 2363 1405 2400 seditio
1437 2363 1524 2401 sine

198 2430 395 2478 sanguine
417 2431 542 2468 stetit.
594 2431 681 2467 Nec
704 2431 869 2469 Vettius
893 2431 1085 2473 Bolanus.
1109 2433 1370 2469 manentilms
1393 2433 1523 2470 adhuc
