1747 2764
208 112 262 153 30
627 117 666 147 P.
702 114 933 146 CORNELII
966 114 1132 147 TACITI

206 232 532 284 triumphalibus
563 231 818 270 ornamentis
848 230 1038 281 praedito
1065 230 1166 281 quid
1193 231 1309 270 aliud
1336 232 1550 271 adstruere

206 305 377 343 fortuna
405 306 581 354 poterat,
612 301 701 340 filia
729 305 854 351 atque
883 313 1011 339 uxore
1041 301 1371 352 superstitibus?
1411 306 1551 353 potest

207 375 341 413 videri
376 374 503 412 etiam
541 373 688 411 beatus
723 371 921 410 incolumi
956 372 1174 421 dignitate,
1210 372 1384 411 florente
1422 373 1548 423 fama,

207 445 336 485 salvis
365 443 655 483 adfinitatibus
690 445 732 480 et
765 441 964 481 amicitiis
998 442 1143 481 futura
1173 442 1381 492 effugisse.
1438 444 1548 482 Nam

169 516 315 555 5sicut
353 515 392 553 ei
431 526 514 552 non
548 513 668 551 licuit
709 512 857 550 durare
899 513 943 550 in
982 512 1089 551 hanc
1129 513 1361 552 beatissimi
1395 514 1550 552 saeculi

208 586 342 624 lucem
363 598 409 624 ac
429 584 659 635 principem
683 582 909 621 Traianum
929 583 1083 631 videre,
1101 583 1212 633 quod
1234 584 1405 633 augurio
1426 585 1550 623 votis-

208 669 287 707 que
317 656 427 707 apud
456 653 759 707 nostras-auris
781 653 1055 701 ominabatur⁷
1077 653 1137 691 ita
1158 654 1382 692 festinatae
1403 655 1549 694 mortis

208 727 363 777 grande
391 725 586 765 solacium
614 724 714 762 tulit
743 723 926 762 evasisse
956 727 1212 773 postremum
1242 724 1349 762 illud
1370 728 1548 775 tempus,

208 811 290 848 quo
324 796 591 835 Domitianus
625 808 708 833 non
743 794 823 832 iam
856 806 929 844 per
962 793 1186 833 intervalla
1219 807 1264 833 ac
1295 795 1550 845 spiramenta

153 878 190 907 10
208 872 454 918 temporum,
478 867 549 905 sed
579 865 776 904 continuo
806 868 847 903 et
870 864 986 903 velut
1014 877 1096 903 uno
1119 865 1205 903 ictu
1229 878 1312 903 rem
1337 866 1548 916 publicam

209 938 412 977 exhausit.

260 1008 324 1049 45.
364 1009 460 1046 Non
491 1007 598 1045 vidit
629 1006 825 1055 Agricola
864 1006 1074 1045 obsessam
1104 1005 1261 1044 curiam
1291 1010 1331 1045 et
1361 1006 1548 1046 clausum

207 1079 334 1118 armis
362 1083 553 1118 senatum
580 1083 620 1116 et
650 1077 794 1115 eadem
825 1080 962 1126 strage
992 1080 1056 1115 tot
1085 1076 1365 1115 consularium
1388 1078 1546 1127 caedes,

205 1152 267 1186 tot
291 1147 645 1187 nobilissimarum
670 1147 923 1185 feminarum
955 1147 1082 1185 exilia
1108 1151 1150 1185 et
1172 1147 1305 1196 fugas.
1365 1150 1463 1187 Una
1483 1149 1548 1187 ad-

152 1231 188 1259 15
206 1220 286 1258 huc
311 1219 486 1257 victoria
515 1219 643 1256 (ffarus
671 1218 828 1256 Metius
859 1217 1103 1256 censebatur
1133 1221 1175 1256 et
1204 1218 1316 1256 intra
1339 1218 1545 1258 Albanam

207 1303 343 1329 arcem
373 1289 582 1329 sententia
616 1288 834 1327 Messalini
870 1288 1080 1338 strepebat
1110 1292 1152 1326 et
1189 1289 1332 1328 Massa
1366 1290 1547 1329 Baebius

207 1361 391 1399 nondum
426 1373 519 1398 reus
554 1364 664 1398 erat:
713 1371 809 1397 mox
843 1362 1009 1397 nostrae
1044 1359 1197 1397 duxere
1227 1359 1473 1398 Helvidium
1502 1361 1546 1398 in

206 1444 411 1470 carcerem
459 1443 628 1478 manus3
678 1442 751 1468 nos
791 1429 969 1467 Maurici
1018 1429 1266 1480 Rusticique
1305 1430 1432 1478 visus,
1472 1444 1553 1469 nos.

207 1502 418 1540 innocenti
449 1501 649 1550 sanguine
685 1500 856 1539 Senecio
891 1500 1088 1550 perfudit.
1149 1500 1261 1538 Nero
1287 1504 1427 1539 tamen
1457 1501 1547 1540 sub-

149 1586 188 1615 20
206 1573 337 1612 traxit
361 1572 499 1611 oculos
526 1585 620 1610 suos
644 1571 851 1621 iussitque
877 1570 1043 1619 scelera,
1065 1583 1148 1608 non
1175 1571 1403 1621 spectavit:
1435 1584 1546 1622 prae-

206 1644 329 1694 cipua
371 1643 447 1682 sub
487 1642 729 1680 Domitiano
768 1641 1031 1680 miseriarum
1072 1653 1167 1691 pars
1208 1645 1297 1679 erat
1325 1641 1465 1680 videre
1504 1646 1546 1681 et

206 1714 377 1765 adspici,
399 1727 491 1752 cum
522 1712 702 1763 suspiria
729 1716 873 1750 nostra
902 1711 1269 1759 subscriberentur,
1303 1724 1397 1750 cum
1427 1712 1546 1750 deno-

205 1785 344 1824 tandis
360 1788 423 1823 tot
443 1784 659 1822 hominum
676 1783 905 1833 palloribus
924 1781 1129 1820 sufficeret
1150 1794 1296 1821 saevus
1314 1782 1385 1821 ille
1401 1783 1543 1822 vultus

206 1860 248 1895 et
267 1856 401 1904 rubor,
424 1868 504 1905 quo
526 1867 568 1893 se
589 1858 732 1892 contra
753 1853 951 1904 pudorem
972 1852 1196 1891 muniebat.

800 1979 987 2018 Epiloque.

147 2072 186 2101 25
257 2065 322 2102 Tu
349 2075 447 2102 vero
485 2062 603 2110 felix,
634 2061 840 2111 Agricola.
876 2074 958 2099 non
996 2060 1108 2099 vitae
1142 2064 1306 2099 tantum
1339 2060 1543 2107 claritate,

206 2135 278 2174 sed
301 2134 427 2172 etiam
448 2133 760 2184 opportunitate
782 2132 938 2170 mortis.
999 2132 1059 2170 Ut
1080 2131 1302 2193 perhibent
1326 2131 1397 2181 qui
1422 2130 1544 2169 inter-

205 2205 378 2244 fuerunt
409 2203 648 2242 novissimis
687 2202 945 2241 sermonibus
979 2202 1076 2249 tuis,
1108 2205 1302 2240 constans
1337 2205 1378 2239 et
1408 2201 1542 2246 libens

205 2275 340 2314 fatum
379 2274 592 2325 excepisti,
624 2278 834 2323 tamquam
874 2285 947 2322 pro
977 2272 1091 2309 virili
1129 2272 1320 2322 portione
1354 2271 1543 2310 innocen-

205 2346 308 2384 tiam
337 2345 518 2396 principi
549 2345 734 2382 donares.
811 2343 891 2381 Sed
930 2342 1033 2380 mihi
1076 2342 1268 2392 filiaeque
1306 2343 1394 2382 eius
1433 2356 1542 2393 prae-

150 2424 189 2453 3ο
207 2419 270 2454 ter
300 2415 564 2454 acerbitatem
598 2413 784 2464 parentis
815 2413 947 2462 erepti
983 2416 1105 2459 auget
1136 2412 1401 2453 maestitiam.
1433 2414 1543 2463 quod
