1747 2764
673 143 933 176 AGRICOLA.
1445 136 1471 178 5

140 264 294 301 electus
319 275 343 300 a
370 261 504 301 Galba
532 260 583 298 ad
614 260 721 297 dona
749 258 998 308 templorum
1028 258 1358 305 recognoscenda
1384 258 1474 295 dili-

141 333 384 382 gentissima
417 329 720 383 conquisitione
754 328 867 375 fecit,
898 339 949 365 ne
988 327 1103 365 cuius
1142 327 1316 366 alterius
1356 328 1474 365 sacri-

140 403 294 451 legium
315 415 378 440 res
399 401 566 451 publica
586 411 709 449 quam
729 398 910 436 Neronis
932 397 1141 436 sensisset.

195 473 229 511 7.
272 473 456 522 Sequens
488 483 619 509 annus
655 469 770 518 gravi
802 469 971 506 vulnere
1008 468 1190 506 animum
1225 468 1474 517 domumque

141 544 229 582 eius
251 542 425 580 adflixit.
480 541 591 579 Nam
614 539 758 577 classis
784 538 1022 577 Othoniana
1046 537 1218 576 licenter
1246 550 1350 587 vaga
1376 538 1472 575 dum
1493 546 1511 573 5

141 612 392 650 Intimilium
419 610 632 661 (Liguriae
661 622 756 659 pars
786 610 866 656 est)
892 608 1102 646 hostiliter
1132 608 1366 658 populatur,
1395 620 1475 646 ma

141 688 246 721 trem
262 681 481 732 Agricolae
502 681 546 718 in
566 679 747 730 praediis
769 679 854 717 suis
875 678 1099 726 interfecit,
1117 678 1368 728 praediaque
1385 678 1477 728 ipsa

141 757 182 791 et
202 765 393 801 magnam
415 749 653 801 patrimonii
675 753 836 799 partem
861 748 1048 798 diripuit,
1071 760 1176 797 quae
1196 760 1319 786 causa
1338 748 1475 786 caedis

142 823 289 860 fuerat.
348 821 483 870 Igitur
510 820 562 858 ad
589 819 807 858 sollemnia
836 818 1004 868 pietatis
1035 818 1247 868 profectus
1268 818 1474 867 Agricola,

141 892 288 930 nuntio
323 890 524 930 adfectati
557 903 581 928 a
616 889 873 939 Vespasiano
909 888 1075 938 imperii
1110 888 1390 938 deprehensus
1430 900 1476 926 ac
1496 897 1533 925 10

143 962 286 1000 statim
312 962 356 999 in
382 961 513 1010 partis
544 964 827 1007 transgressus
858 962 930 996 est.
990 958 1120 996 Initia
1145 958 1403 1008 principatus
1431 970 1477 996 ac

143 1036 298 1071 statum
324 1031 437 1069 urbis
468 1030 686 1067 Mucianus
714 1029 893 1077 regebat,
915 1028 1063 1066 iuvene
1091 1028 1312 1066 admodum
1341 1028 1478 1066 Domi-

142 1102 256 1140 tiano
283 1105 324 1139 et
347 1113 398 1139 ex
420 1104 594 1150 paterna
619 1100 789 1137 fortuna
813 1102 976 1136 tantum
997 1098 1210 1136 licentiam
1237 1102 1474 1148 usurpante.

143 1172 186 1210 Is
213 1171 386 1210 missum
415 1171 468 1208 ad
490 1170 665 1208 dilectus
690 1169 868 1217 agendos
896 1168 1134 1217 Agricolam
1163 1168 1405 1217 integreque
1432 1180 1477 1206 ac

144 1245 310 1280 strenue
340 1244 550 1279 versatum
577 1239 826 1277 vicensimae
853 1238 1006 1287 legioni
1034 1238 1151 1276 tarde
1175 1238 1227 1275 ad
1255 1250 1479 1276 sacramen·
1497 1249 1534 1278 15

143 1315 233 1349 tum
256 1315 536 1359 transgressae
562 1309 811 1359 praeposuit,
834 1308 904 1345 ubi
926 1308 1114 1346 decessor
1135 1307 1330 1346 seditiose
1358 1320 1478 1356 agere

145 1381 409 1419 narrabatur:
438 1379 592 1429 quippe
619 1378 767 1427 legatis
795 1390 956 1428 quoque
978 1377 1262 1416 consularibus
1283 1377 1413 1416 nimia
1432 1390 1477 1416 ac

145 1450 412 1488 formidolosa
438 1454 538 1497 erat,
563 1461 638 1486 nec
668 1448 828 1497 legatus
862 1447 1092 1498 praetorius
1123 1448 1175 1485 ad
1202 1447 1478 1485 cohibendum

145 1524 302 1570 potens,
325 1520 527 1557 incertum
553 1531 626 1557 suo
647 1531 697 1556 an
721 1518 903 1555 militum
930 1517 1106 1566 ingenio.
1176 1518 1244 1556 Ita
1270 1531 1478 1557 successor

146 1590 270 1628 simul
291 1594 332 1627 et
351 1589 462 1627 ultor
483 1589 636 1626 electus
658 1588 869 1626 rarissima
884 1588 1164 1625 moderatione
1181 1587 1329 1626 maluit
1347 1588 1479 1626 videri
1497 1601 1535 1629 20

145 1660 354 1697 invenisse
375 1659 502 1697 bonos
524 1671 647 1708 quam
667 1657 827 1696 fecisse.

199 1729 234 1768 8.
275 1731 470 1767 Praeerat
496 1733 595 1767 tunc
619 1728 861 1766 Britanniae
881 1727 1048 1768 Vettius
1069 1728 1253 1766 Bolanus
1274 1728 1477 1778 placidius

146 1813 269 1850 quam
298 1799 427 1837 feroci
456 1798 669 1848 provincia
711 1798 883 1847 dignum
915 1802 988 1836 est.
1062 1799 1330 1848 Temperavit
1359 1798 1477 1848 Agri-

145 1869 235 1908 cola
265 1869 349 1906 vim
381 1881 496 1907 suam
532 1868 800 1916 ardoremque
838 1865 1102 1915 compescuit,
1134 1877 1185 1902 ne
1217 1865 1477 1913 incresceret,

146 1939 303 1989 peritus
352 1938 522 1988 obsequi
570 1937 839 1986 eruditusque
886 1935 1011 1973 utilia
1056 1935 1243 1973 honestis
1293 1935 1475 1973 miscere.
1497 1948 1534 1976 25

146 2009 272 2046 Brevi
310 2008 458 2046 deinde
492 2007 712 2045 Britannia
746 2005 1001 2044 consularem
1035 2004 1235 2042 Petilium
1275 2004 1477 2043 Cerialem

147 2078 314 2128 accepit.
378 2078 629 2116 Habuerunt
658 2076 835 2114 virtutes
868 2075 1046 2124 spatium
1082 2074 1375 2124 exemplorum,
1407 2075 1478 2112 sed

147 2148 280 2198 primo
328 2147 501 2186 Cerialis
548 2147 708 2184 labores
748 2145 867 2183 modo
915 2148 956 2182 et
1003 2144 1254 2192 discrimina,
1295 2157 1390 2181 mox
1437 2148 1478 2182 et

148 2217 320 2266 gloriam
363 2216 699 2254 conmunicabat:
733 2227 853 2265 saepe
880 2214 990 2264 parti
1019 2214 1223 2252 exercitus
1253 2214 1297 2251 in
1324 2214 1479 2264 experi-

148 2291 345 2334 mentum,
368 2287 591 2336 aliquando
611 2285 835 2323 maioribus
857 2284 984 2334 copiis
1013 2296 1062 2321 ex
1089 2288 1240 2322 eventu
1262 2284 1475 2333 praefecit.
1497 2298 1535 2326 30

148 2357 235 2394 Nec
257 2356 451 2406 Agricola
476 2368 672 2405 umquam
693 2355 735 2392 in
758 2367 872 2392 suain
896 2354 1051 2391 famam
1076 2353 1203 2402 gestis
1227 2354 1476 2392 exsultavit:

149 2427 201 2465 ad
231 2430 440 2464 auctorem
471 2438 516 2463 ac
548 2426 694 2463 ducem
724 2428 770 2462 ut
799 2424 989 2461 minister
1018 2424 1230 2461 fortunam
1260 2424 1475 2462 referebat.
