1747 2764
210 131 234 171 2
630 138 666 168 r.
704 138 935 169 CORNELII
967 137 1131 169 'rAcrrr

209 254 300 292 foro
327 257 555 292 urerentur.
617 253 785 291 Scilicet
810 253 882 291 illo
910 253 1003 302 igne
1026 266 1165 290 vocem
1196 253 1339 303 populi
1371 254 1547 291 Romani

211 328 252 362 et
291 324 524 362 libertatem
559 328 727 362 senatus
761 328 802 361 et
841 323 1137 362 conscientiam
1178 324 1339 372 generis
1378 324 1547 362 humani

212 394 367 433 aboleri
395 394 716 441 arbitrabantur,
739 394 924 444 expulsis
949 394 1119 444 insuper
1140 394 1370 444 sapientiae
1395 394 1550 444 profes-

212 465 374 503 soribus
401 468 526 514 atque
556 464 666 501 omni
697 464 805 502 bona
836 468 923 502 arte
954 464 996 501 in
1025 464 1197 502 exilium
1233 468 1336 512 acta,
1369 477 1420 501 ne
1451 464 1549 513 quid

175 543 193 571 5
212 548 386 585 usquam
416 535 637 573 honestum
662 539 903 572 occurreret.
964 535 1166 573 Dedimus
1188 536 1374 585 profecto
1396 535 1551 584 grande

213 606 440 655 patientiae
471 605 788 653 documentum3
820 609 862 643 et
887 605 994 643 sicut
1018 608 1138 643 vetus
1169 609 1282 643 aetas
1304 605 1424 652 vidit,
1451 605 1551 654 quid

213 676 405 713 ultimum
441 675 485 713 in
519 675 713 713 libertate
747 679 868 723 esset,
901 675 961 713 ita
994 688 1081 723 nos,
1113 675 1214 725 quid
1252 675 1295 712 iu
1335 675 1549 720 servitute,

213 746 407 796 adempto
437 758 510 796 per
548 745 842 796 inquisitiones
877 745 1001 783 etiam
1042 746 1239 795 loquendi
1275 745 1551 795 audiendique

213 815 452 854 conmercio.
525 816 769 854 Memoriam
794 829 957 866 quoque
975 816 1106 866 ipsam
1125 829 1215 853 cuin
1234 829 1331 853 voce
1354 816 1552 866 perdidis-

159 894 195 922 10
215 898 364 931 semus,
401 885 436 924 si
465 889 550 923 tam
585 885 627 923 in
662 890 804 925 nostra
833 890 1037 936 potestate
1068 890 1177 924 esset
1207 886 1395 924 oblivisci
1428 899 1551 935 quam

214 961 360 994 tacere.

268 1026 303 1065 3.
336 1027 457 1064 Nunc
497 1027 662 1064 demum
702 1028 810 1065 redit
849 1028 1012 1065 animus
1052 1032 1093 1066 et
1133 1040 1381 1078 quamquam
1419 1027 1552 1077 primo

215 1097 357 1135 statim
397 1097 627 1135 beatissimi
669 1098 823 1136 saeculi
859 1102 951 1135 ortu
990 1099 1132 1136 Nerva
1167 1099 1317 1137 Caesar
1353 1111 1416 1136 res
1452 1098 1547 1135 olim

215 1167 492 1205 dissociabilis
529 1167 753 1213 miscuerit,
776 1168 1054 1218 principatum
1082 1181 1126 1206 ac
1154 1168 1403 1215 libertatem,
1435 1181 1553 1217 auge-

161 1248 194 1275 15
214 1241 338 1288 atquc
366 1237 516 1275 cotidie
539 1238 786 1276 felicitatem
812 1242 1043 1288 temporum
1077 1239 1217 1276 Nerva
1241 1238 1456 1286 Traianus,
1478 1250 1552 1275 nec

215 1322 328 1358 spem
361 1309 481 1346 modo
510 1321 556 1346 ac
585 1313 726 1346 votum
756 1309 964 1347 Securitas
995 1309 1180 1356 Publica,
1207 1309 1278 1346 sed
1310 1308 1440 1358 ipsius
1466 1309 1552 1346 voti

214 1380 408 1418 fiduciam
433 1393 479 1418 ac
504 1380 627 1418 robur
649 1380 941 1430 adsumpserit,
964 1384 1113 1417 natura
1133 1383 1272 1417 tamen
1295 1378 1552 1417 infirmitatis

215 1450 418 1488 humanae
451 1450 636 1488 tardiora
669 1454 765 1488 sunt
797 1450 980 1488 remedia
1003 1463 1125 1500 quam
1157 1449 1287 1497 mala,
1320 1453 1361 1487 et
1392 1453 1438 1487 ut
1471 1462 1553 1486 cor-

215 1534 315 1570 pora
335 1526 476 1560 nostra
492 1521 602 1559 lente
620 1525 858 1570 augescunt,
876 1521 958 1559 cito
979 1521 1293 1569 extinguuntur,
1313 1520 1370 1557 sic
1386 1519 1553 1569 ingenia

157 1604 195 1632 20
215 1592 435 1641 studiaque
466 1592 722 1642 oppresseris
757 1591 925 1629 facilius
961 1604 1085 1641 quam
1120 1590 1399 1628 revocaveris:
1441 1589 1552 1628 subit

214 1662 369 1712 quippe
409 1662 535 1700 etiam
575 1661 707 1712 ipsius
747 1661 921 1699 inertiae
961 1661 1134 1699 dulcedo
1169 1665 1210 1698 et
1244 1658 1380 1698 invisa
1418 1650 1552 1710 primo

215 1732 376 1770 desidia
405 1736 614 1782 postremo
639 1735 811 1770 amatur.
872 1732 979 1776 Quid
992 1735 1011 1769 ζ’
1055 1732 1088 1769 si
1117 1744 1189 1781 per
1216 1730 1452 1780 quindecim
1486 1743 1551 1767 an-

214 1815 299 1850 nos,
319 1803 472 1851 grande
494 1802 680 1840 mortalis
698 1802 788 1840 aevi
811 1802 1005 1851 spatium,
1024 1801 1145 1839 multi
1167 1800 1354 1839 fortuitis
1375 1800 1550 1845 casibus,

214 1872 551 1922 promptissimus
587 1872 761 1922 quisque
793 1872 969 1910 saevitia
998 1871 1199 1921 principis
1239 1870 1549 1914 interciderunt,

157 1957 194 1984 25
214 1943 346 1992 pauci,
367 1947 414 1980 ut
435 1943 494 1981 ita
515 1942 702 1990 dixerim,
725 1955 806 1979 non
831 1942 952 1979 modo
982 1941 1157 1980 aliorum
1180 1941 1251 1979 sed
1272 1940 1398 1978 etiam
1420 1940 1551 1977 nostri

214 2013 460 2062 superstites
491 2026 645 2059 sumus,
674 2012 879 2062 exemptis
911 2025 931 2049 e
961 2011 1098 2049 media
1118 2011 1206 2048 vita
1228 2015 1291 2048 tot
1313 2010 1444 2055 annis,
1466 2010 1552 2059 qui-

214 2083 289 2121 bus
316 2083 487 2120 iuvenes
515 2084 566 2121 ad
596 2086 864 2130 senectutem,
887 2095 1005 2121 senes
1027 2093 1153 2131 prope
1175 2081 1227 2119 ad
1248 2081 1359 2131 ipsos
1382 2084 1549 2118 exactae

214 2153 364 2191 aetatis
403 2153 602 2191 terminos
642 2166 714 2203 per
754 2152 964 2191 silentium
1007 2149 1242 2189 venimus!¹
1276 2152 1373 2188 Non
1412 2138 1550 2188 tamen

214 2223 371 2273 pigebit
390 2224 456 2261 vel
478 2223 691 2261 incondita
706 2236 752 2261 ac
771 2223 863 2260 rudi
882 2234 978 2260 voce
995 2221 1233 2259 memoriam
1256 2220 1406 2271 prioris
1428 2220 1552 2258 servi-

157 2305 194 2332 30
213 2294 317 2332 tutis
346 2307 390 2332 ac
418 2294 704 2332 testimonium
728 2293 1008 2343 praesentium
1036 2292 1234 2330 bonorum
1257 2290 1546 2341 composuisse.

214 2364 296 2401 Hic
318 2364 483 2402 interim
508 2364 612 2402 liber
633 2363 777 2401 honori
801 2362 1018 2412 Agricolae
1040 2362 1169 2400 soceri
1198 2361 1276 2399 mei
1303 2360 1549 2407 destinatus,

213 2434 471 2483 professione
492 2433 661 2483 pietatis
683 2437 754 2471 aut
775 2433 966 2471 laudatus
988 2432 1066 2470 erit
1087 2435 1158 2469 aut
1179 2435 1408 2469 excusatus.
