1747 2764
699 119 959 152 AGRICOLA.
1443 116 1496 155 29

165 246 327 285 quoque
366 238 407 272 et
445 234 512 272 hic
545 233 661 272 aliud
699 246 825 283 agens
864 234 1041 284 populus
1076 238 1118 273 et
1151 239 1410 274 ventitavere
1444 238 1494 275 ad

165 305 331 343 domum
366 308 407 343 et
440 317 513 355 per
546 304 638 342 fora
670 309 711 342 et
744 304 918 343 circulos
952 305 1081 343 locuti
1115 310 1235 354 sunt3
1279 319 1353 344 nec
1388 307 1496 356 quis-

165 388 288 425 quam
317 375 461 413 audita
489 378 620 412 morte
641 374 858 423 Agricolae
883 378 954 412 aut
974 375 1153 413 laetatus
1176 379 1239 413 est
1259 380 1331 414 aut
1352 378 1494 415 statim

164 445 330 483 oblitus.
388 445 580 494 Augebat
610 444 917 482 miserationem
947 449 1140 483 constans
1169 458 1308 483 rumor
1337 458 1495 484 veneno

163 515 460 565 interceptum:
500 514 618 552 nobis
648 514 754 551 nihil
784 514 996 564 comperti,
1020 515 1130 564 quod
1159 514 1323 553 firmare
1348 516 1492 554 ausim.
1514 524 1531 552 5

164 585 356 623 Ceterum
378 597 449 635 per
470 597 631 623 omnem
653 584 935 622 valetudinem
960 584 1048 623 eius
1078 585 1260 624 crebrius
1291 599 1414 635 quam
1445 600 1494 624 ex

163 667 274 693 more
317 655 586 705 principatus,
627 667 699 705 per
739 654 907 693 nuntios
948 655 1124 693 visentis
1167 659 1209 693 et
1251 655 1492 694 libertorum

162 726 287 776 primi
317 730 357 763 et
386 726 637 763 medicorum
667 725 806 763 intimi
835 737 997 773 venere,
1029 725 1114 764 sive
1145 727 1242 764 cura
1270 726 1377 764 illud
1407 727 1492 765 sive

161 796 379 845 inquisitio
417 799 515 833 erat.
594 796 792 845 Supremo
831 795 1000 845 quidem
1043 795 1109 833 die
1152 801 1361 835 momenta
1403 797 1495 847 ipsa

162 865 394 903 deficientis
437 877 510 915 per
549 865 771 915 dispositos
809 877 994 904 cursores
1034 865 1227 904 nuntiata
1265 867 1491 923 constabat,
1513 873 1550 901 10

162 936 276 973 nullo
306 936 497 973 credente
528 936 585 973 sic
616 935 833 973 accelerari
863 948 967 985 (11136
998 935 1133 974 tristis
1165 936 1338 974 audiret.
1398 937 1494 988 Spe-

161 1005 265 1043 ciem
294 1009 434 1043 tamen
463 1005 615 1044 doloris
643 1005 771 1043 31111111
796 1005 1042 1059 vultu[que]
1067 1019 1164 1056 prae
1186 1019 1228 1045 se
1251 1006 1360 1055 tulit,
1384 1020 1493 1046 secu-

160 1088 229 1113 rus
259 1075 341 1113 iam
371 1075 455 1113 odii
485 1080 527 1113 et
557 1075 627 1125 qui
651 1075 818 1113 facilius
844 1076 1127 1115 dissimularet
1149 1077 1345 1126 gaudium
1368 1091 1490 1128 quam

159 1149 326 1183 metum.
405 1146 513 1184 Satis
557 1145 773 1183 constabat
816 1145 922 1183 lecto
964 1150 1215 1185 testamento
1258 1148 1489 1196 Agricolae,

160 1228 240 1265 (1110
260 1215 499 1253 coheredem
521 1215 702 1265 optimae
722 1216 841 1253 uxori
863 1220 903 1253 et
924 1216 1136 1266 piissimae
1160 1216 1269 1255 filiae
1292 1218 1491 1257 Domitia-
1510 1229 1546 1257 15

159 1298 257 1323 num
297 1286 475 1335 scripsit,
516 1285 715 1323 laetatum
753 1298 846 1324 611111
885 1286 1001 1324 velut
1042 1287 1196 1325 honore
1240 1287 1487 1338 iudicioque.

159 1356 261 1393 Tam
291 1368 411 1393 caeca
435 1360 476 1393 et
496 1359 697 1405 conrupta
716 1368 832 1394 mens
853 1356 1037 1395 adsiduis
1059 1357 1367 1396 adulationibus
1389 1363 1487 1407 erat,

158 1428 205 1462 ut
225 1425 402 1464 nesciret
422 1438 446 1463 a
465 1425 570 1463 bono
591 1428 708 1475 patre
732 1438 814 1464 non
844 1425 968 1465 scribi
998 1426 1192 1465 heredem
1221 1427 1303 1466 nisi
1332 1428 1488 1467 malum

159 1495 398 1545 principem.

340 1622 552 1662 Reflectz'ons
577 1632 621 1654 οη
647 1623 702 1654 the
725 1622 1008 1663 Opporcuneuess
1033 1625 1075 1664 of
1093 1625 1148 1656 his
1172 1625 1300 1658 Death.

209 1709 272 1748 44.
313 1710 449 1748 Natus
469 1703 557 1748 erat
577 1710 773 1758 Agricola
793 1710 898 1749 Gaio
919 1711 1092 1771 Caesare
1117 1712 1288 1750 tertium
1319 1713 1486 1752 consule
1506 1719 1543 1747 20

158 1780 304 1818 Idibus
333 1780 489 1819 Iuniis:
530 1780 707 1818 excessit
737 1785 884 1830 quarto
914 1786 954 1819 et
989 1782 1333 1832 quinquagesimo
1366 1797 1484 1833 anno,

157 1850 315 1888 decimo
345 1850 559 1888 Kalendas
587 1850 840 1900 Septembris
868 1851 1048 1900 Conlega
1068 1853 1292 1902 Priscoque
1313 1854 1487 1892 consuli-

156 1920 242 1958 bus.
292 1920 409 1965 Quod
430 1919 464 1958 si
484 1920 672 1958 habitum
689 1933 851 1970 quoque
873 1921 960 1960 eius
982 1922 1137 1971 posteri
1157 1935 1323 1961 noscere
1340 1924 1483 1972 velint,

156 1990 366 2027 decentior
399 2002 523 2040 (1113111
558 1990 773 2028 sublimior
808 1991 911 2039 fuit3
956 1991 1061 2029 nihil
1101 1996 1235 2031 metus
1275 1993 1317 2030 in
1351 1994 1483 2042 vultu,

156 2059 290 2107 gratia
327 2059 409 2097 oris
449 2064 672 2109 supererat.
750 2061 911 2098 Bonum
950 2061 1085 2099 virum
1122 2062 1246 2100 facile
1285 2063 1482 2111 crederes,
1504 2068 1540 2096 25

156 2142 350 2177 magnum
383 2129 571 2167 libenter.
642 2130 698 2167 Et
732 2130 820 2180 ipse
852 2131 1031 2180 quidem,
1065 2144 1315 2182 quamquam
1349 2134 1484 2171 medio

155 2198 197 2235 in
229 2198 362 2248 spatio
392 2198 575 2247 integrae
606 2199 753 2237 aetatis
783 2205 960 2249 ereptus,
984 2206 1185 2250 quantum
1215 2202 1267 2240 ad
1297 2202 1481 2252 gloriam,

154 2267 442 2317 longissimum
466 2280 611 2306 aevum
642 2269 810 2318 peregit.
870 2264 1026 2319 Opibus
1057 2271 1198 2309 nimiis
1227 2284 1309 2309 non
1338 2273 1484 2321 gaude—

154 2338 236 2384 bat,
269 2338 477 2387 speciosae
512 2351 593 2376 non
627 2339 893 2388 contigerant.
966 2340 1126 2390 Quippe
1161 2344 1202 2379 et
1232 2354 1331 2380 vera
1363 2342 1481 2390 bona,

154 2420 258 2457 quae
286 2407 329 2445 in
353 2408 578 2446 virtutibus
609 2408 691 2446 sita
720 2413 828 2453 sunt,
850 2409 1108 2459 impleverat,
1131 2414 1172 2448 et
1201 2411 1406 2450 consulari
1436 2425 1481 2450 ac
1501 2422 1538 2448 30
