1747 2764
672 145 943 177 GERMANIA.
1416 141 1472 181 49

138 272 262 309 quam
283 259 495 298 Tencteris
517 260 714 310 equitum.
767 259 833 297 Sic
853 260 1071 298 instituere
1093 260 1290 299 maiores:
1315 262 1472 311 posteri

138 330 368 369 imitantur.
426 331 487 368 Hi
517 331 632 369 lusus
666 331 905 379 infantium,
936 331 1037 368 haec
1067 331 1263 369 iuvenum
1298 333 1473 371 aemula-

137 400 217 438 tio:
250 405 517 450 perseverant
555 413 683 439 senes.
743 401 860 438 Inter
897 401 1103 439 familiam
1143 406 1184 439 et
1222 407 1392 451 penates
1432 408 1473 440 et

137 470 228 508 iura
257 471 561 509 successionum
591 471 685 520 equi
712 471 956 508 traduntur:
989 471 1144 520 excipit
1172 471 1296 519 filius,
1321 485 1404 510 non
1426 476 1473 510 ut

136 544 282 588 cetera,
305 541 510 579 maximus
531 544 643 589 natu,
666 541 739 579 sed
760 545 882 591 prout
902 542 1021 579 ferox
1042 541 1150 579 bello
1172 546 1212 579 et
1232 541 1389 580 melior.
1490 551 1509 579 5

713 640 891 671 Bructeri.

190 708 252 748 33.
294 710 420 748 quta
441 711 664 749 Tencteros
694 710 886 748 Bructeri
916 710 1014 748 olim
1040 711 1331 749 occurrebant:
1364 724 1473 750 nunc

137 778 369 818 Chamavos
408 784 448 817 et
486 780 756 828 Angrivarios
805 780 1051 829 inmigrasse
1096 785 1298 828 narratur,
1339 781 1471 831 pulsis

137 849 348 887 Bructeris
370 862 415 887 ac
436 862 565 899 paene
589 854 676 887 tum
704 850 854 888 excisis
882 850 1113 888 vicinarum
1140 863 1342 889 consensu
1370 851 1473 889 nati-

136 932 271 965 onum,
308 932 378 957 seu
417 920 631 970 superbiae
671 920 765 958 odio
807 933 879 958 seu
926 910 1102 970 praedae
1142 921 1360 959 dulcedine
1400 934 1472 960 seu

136 990 278 1028 favore
313 990 489 1040 quodam
529 1002 625 1038 erga
665 1003 738 1029 nos
778 990 967 1039 deorum3
1009 1003 1105 1028 nam
1145 1004 1195 1029 ne
1237 992 1472 1041 spectaculo
1492 1001 1528 1029 10

137 1059 303 1109 quidem
344 1060 492 1109 proelii
535 1060 733 1098 invidere.
807 1060 938 1110 Super
977 1062 1194 1110 sexaginta
1234 1062 1352 1099 milia
1391 1075 1473 1099 non

137 1130 260 1167 armis
299 1129 478 1180 telisque
518 1131 730 1177 Romanis,
767 1131 838 1168 sed
877 1131 984 1180 quod
1024 1131 1357 1179 magnificentius
1397 1136 1471 1179 est,

137 1200 404 1238 oblectationi
443 1200 655 1250 oculisque
695 1201 941 1238 ceciderunt.
1001 1202 1182 1249 Maneat,
1212 1215 1375 1251 quaeso,
1404 1202 1473 1239 du-

137 1274 282 1320 retque
310 1271 514 1319 gentibus,
543 1271 578 1309 si
607 1284 690 1308 non
716 1284 829 1309 amor
858 1271 1001 1318 nostri,
1025 1276 1066 1309 at
1090 1277 1199 1309 certe
1227 1272 1365 1309 odium
1395 1273 1471 1320 sui,

138 1341 302 1389 quando
326 1341 569 1389 urgentibus
594 1341 758 1391 imperii
783 1341 883 1379 fatis
909 1341 1015 1378 nihil
1047 1342 1127 1379 iam
1158 1346 1367 1391 praestare
1394 1343 1475 1381 for·
1492 1353 1528 1381 15

137 1413 240 1448 tuna
259 1410 391 1449 maius
413 1414 550 1460 potest
571 1424 692 1460 quam
712 1411 895 1449 hostium
918 1411 1177 1449 discordiam.

475 1515 546 1546 The
571 1515 782 1555 chlfszcbnii,
809 1514 1011 1553 Chasuarii,
1034 1516 1156 1547 Frisii.

191 1584 253 1623 34.
294 1585 566 1634 Angrivarios
601 1590 642 1623 et
683 1586 914 1623 Chamavos
953 1599 976 1624 a
1013 1590 1128 1635 tergo
1168 1586 1398 1635 Dulgubnii
1433 1591 1474 1625 et

139 1655 357 1694 Chasuarii
387 1655 561 1693 cludunt
590 1655 778 1705 aliaeque
813 1660 956 1705 gentes
986 1656 1098 1694 haud
1128 1656 1299 1706 perinde
1326 1669 1475 1695 memo-

138 1729 261 1773 ratae,
283 1737 307 1763 a
326 1725 462 1763 fronte
483 1725 609 1764 Frisii
631 1726 854 1776 excipiunt.
909 1726 1137 1768 Maioribus
1162 1727 1474 1777 minoribusque

137 1794 285 1834 Frisiis
310 1795 555 1833 vocabulum
585 1800 647 1833 est
677 1808 727 1833 ex
755 1796 876 1833 modo
907 1796 1068 1833 virium.
1128 1797 1342 1846 Utraeque
1372 1797 1475 1835 nati-
1492 1808 1530 1836 20

138 1877 235 1904 ones
256 1878 386 1915 usque
407 1866 460 1903 ad
483 1865 690 1904 Oceanum
714 1866 861 1904 Rheno
885 1870 1184 1916 praetexuntur
1204 1867 1473 1917 ambiuntque

137 1935 347 1974 inmensos
377 1935 546 1986 insuper
575 1936 689 1974 lacus
714 1940 755 1974 et
782 1936 982 1975 Romanis
1011 1936 1212 1975 classibus
1244 1937 1471 1986 navigatos.

138 2005 283 2054 Ipsum
313 2005 413 2055 quin
443 2006 568 2044 etiam
595 2006 801 2045 Oceanum
827 2006 901 2044 illa
924 2007 1243 2056 temptavimus:
1276 2012 1317 2045 et
1338 2020 1475 2057 super-

138 2086 226 2113 esse
257 2075 390 2113 adhuc
420 2075 615 2114 Herculis
645 2076 856 2114 columnas
886 2076 1000 2114 fama
1026 2076 1226 2125 vulgavit,
1253 2077 1339 2115 sive
1370 2078 1474 2115 adiit

139 2144 354 2192 Hercules,
383 2157 454 2183 seu
484 2145 689 2195 quidquid
718 2145 870 2195 ubique
901 2145 1166 2194 magnificum
1192 2152 1265 2195 est,
1287 2147 1331 2184 in
1361 2147 1475 2185 clari-
1493 2159 1529 2187 25

138 2217 267 2252 tatem
297 2214 384 2252 eius
418 2215 571 2253 referre
602 2216 896 2254 consensimus.
972 2216 1060 2254 Nec
1100 2216 1235 2254 defuit
1277 2217 1476 2255 audentia

139 2284 275 2322 Druso
297 2284 556 2332 Germanico,
579 2285 651 2323 sed
671 2285 835 2324 obstitit
856 2285 1042 2324 Oceanus
1064 2285 1108 2323 in
1129 2299 1170 2324 se
1199 2286 1323 2325 simul
1350 2292 1473 2337 atque

138 2353 183 2390 in
203 2354 425 2392 Herculem
449 2354 616 2404 inquiri.
674 2356 775 2393 Mox
804 2368 923 2393 nemo
952 2356 1187 2406 temptavit,
1211 2357 1474 2406 sanctiusque

138 2435 185 2461 ac
205 2424 461 2462 reverentius
482 2424 618 2463 visum
639 2425 689 2462 de
710 2425 811 2463 actis
833 2425 1001 2464 deorum
1022 2426 1185 2464 credere
1208 2439 1331 2476 quam
1356 2427 1471 2465 scire.
