1747 2764
190 97 245 137 10
607 104 643 135 P.
682 103 913 135 CORNELII
947 104 1111 135 TAcrr1

243 219 305 258 14.
348 220 637 259 Consularium
676 220 846 270 primus>
871 221 1005 258 Aulus
1039 221 1232 259 Plautius
1268 223 1527 272 praepositus

189 303 236 329 ac
263 290 438 329 subinde
466 290 656 329 Ostorius
686 290 874 340 Scapula,
893 294 1066 341 uterque
1095 291 1203 329 bello
1228 292 1439 341 egregius:
1472 306 1528 331 re-

189 361 391 411 dactaque
415 360 618 411 paulatim
653 360 696 398 in
730 361 906 398 formam
942 361 1179 411 provinciae
1209 362 1398 412 proxima
1431 376 1526 413 pars

189 431 446 479 Britanniae,
477 430 622 469 addita
651 430 820 480 insuper
849 435 1138 470 veteranorum
1177 432 1347 471 colonia.
1404 433 1528 478 Quae—

151 501 283 540 5dam
322 501 514 539 civitates
555 500 813 550 Cogidumno
848 501 934 550 regi
969 502 1144 540 donatae
1177 502 1231 553 (is
1262 503 1314 541 ad
1343 507 1525 542 nostram

187 584 317 621 usque
334 571 573 609 memoriam
595 571 825 610 fidissimus
847 572 1032 624 mansit),
1050 577 1187 611 vetere
1204 585 1250 611 ac
1267 573 1348 611 iam
1367 574 1526 623 pridem

187 646 352 692 recepta
372 641 516 692 populi
541 642 720 680 Romani
750 643 1061 691 consuetudine,
1096 648 1142 681 ut
1176 643 1347 681 haberet
1377 644 1525 682 instru-

187 717 326 751 menta
355 712 570 751 servitutis
598 717 639 750 et
670 725 796 762 reges.
832 714 931 751 Mox
966 713 1118 752 Didius
1159 714 1306 752 Gallus
1345 719 1465 764 parta
1503 729 1526 753 a

186 783 392 833 prioribus
413 783 632 831 continuit,
650 783 793 833 paucis
814 783 1037 822 admodum
1059 784 1244 822 castellis
1264 784 1308 822 in
1328 784 1525 824 ulteriora

130 863 168 891 10
186 854 397 903 promotis,
416 866 487 903 per
505 866 609 903 quae
626 854 740 892 fama
760 854 869 892 aucti
887 854 1009 892 officii
1027 858 1305 904 quaereretur.
1352 855 1523 894 Didium

185 924 230 969 Q.
267 924 472 962 Veranius
507 925 683 974 excepit,
720 925 837 975 isque
873 925 984 963 intra
1010 938 1163 963 annum
1199 925 1409 964 extinctus
1448 930 1521 965 est.

187 995 407 1033 Suetonius
438 994 535 1032 hinc
564 995 768 1033 Paulinus
807 995 974 1033 biennio
1013 1008 1231 1046 prosperas
1266 1009 1330 1035 res
1364 996 1522 1045 habuit,

186 1065 366 1103 subactis
396 1065 635 1103 nationibus
664 1065 925 1116 firmatisque
956 1066 1197 1116 praesidiis3
1229 1079 1402 1116 quorum
1424 1067 1523 1105 fidu-

184 1135 247 1173 cia
284 1136 451 1174 Monam
495 1136 675 1174 insulam
714 1140 760 1173 ut
799 1136 901 1174 viris
953 1136 1176 1175 rebellibus
1215 1136 1523 1176 ministrantem

127 1217 164 1246 15
183 1206 403 1254 adgressus
428 1210 545 1255 terga
572 1206 777 1244 occasioni
804 1206 1015 1256 patefecit.

238 1276 299 1315 15.
339 1277 532 1327 Namque
555 1277 745 1315 absentia
763 1277 891 1326 legati
913 1282 1070 1315 remoto
1092 1283 1204 1316 metu
1227 1278 1421 1316 Britanni
1442 1279 1523 1328 agi-

182 1352 269 1385 tare
290 1347 399 1385 inter
421 1360 462 1385 se
484 1347 593 1385 mala
614 1347 843 1395 servitutis,
861 1348 1049 1386 conferre
1071 1348 1245 1387 iniurias
1262 1353 1303 1387 et
1323 1348 1523 1399 interpre-

182 1418 308 1455 tando
338 1418 580 1456 accendere:
613 1418 720 1455 nihil
751 1418 895 1468 profici
924 1419 1128 1468 patientia
1151 1419 1231 1457 nisi
1259 1423 1307 1457 ut
1333 1419 1523 1468 graviora

180 1492 392 1538 tamquam
414 1501 464 1526 ex
485 1488 602 1526 facili
622 1489 897 1527 tolerantibus
919 1489 1185 1539 imperentur.
1227 1489 1421 1538 Singulos
1442 1490 1521 1529 sibi

123 1569 162 1597 20
180 1558 278 1596 olim
303 1571 419 1608 reges
448 1559 592 1607 fuisse,
614 1572 723 1597 nunc
745 1559 864 1598 binos
887 1559 1057 1609 imponi,
1080 1572 1100 1597 e
1122 1560 1272 1609 quibus
1294 1560 1456 1609 legatus
1477 1560 1519 1598 in

181 1629 436 1678 sanguinem,
467 1634 709 1679 procurator
739 1630 783 1667 in
813 1630 920 1668 bona
949 1630 1138 1668 saeviret.
1198 1630 1342 1680 Aeque
1372 1630 1520 1669 discor-

179 1700 289 1738 diam
303 1700 645 1750 praepositorum,
659 1713 787 1750 aeque
802 1700 1061 1738 concordiam
1077 1700 1274 1739 subiectis
1288 1700 1517 1739 exitiosam.

178 1769 366 1809 Alterius
397 1783 543 1809 manus
573 1770 847 1818 centuriones,
876 1770 1049 1809 alterius
1080 1783 1219 1810 servos
1249 1771 1333 1808 vim
1360 1775 1402 1809 et
1430 1784 1521 1810 con-

177 1841 370 1879 tumelias
397 1841 579 1880 miscere.
630 1841 752 1879 Nihil
772 1842 855 1880 iam
882 1829 1115 1892 cupiditati,
1138 1842 1246 1879 nihil
1267 1842 1434 1880 libidini
1455 1855 1519 1880 ex-

120 1922 158 1950 25
176 1915 352 1961 ceptum.
411 1912 462 1949 In
490 1912 646 1961 proelio
673 1912 887 1950 fortiorem
917 1925 1006 1951 esse
1028 1912 1099 1962 qui
1127 1912 1298 1962 spoliet:
1333 1925 1441 1950 nunc
1469 1913 1520 1951 ab

177 1981 339 2029 ignavis
375 1982 617 2032 plerumque
652 1986 693 2020 et
727 1981 964 2020 imbellibus
1000 1982 1104 2032 eripi
1143 1982 1298 2030 domos,
1331 1983 1517 2021 abstrahi

177 2051 340 2100 liberos,
359 2052 521 2100 iniungi
544 2052 733 2100 dilectus,
751 2057 963 2102 tamquam
980 2052 1083 2107 mori
1103 2056 1267 2091 tantuin
1287 2065 1361 2103 pro
1382 2052 1518 2102 patria

176 2121 470 2160 nescientibus.
521 2122 777 2167 Quantulum
799 2123 909 2160 enim
930 2122 1132 2161 transisse
1153 2122 1347 2170 militum,
1371 2122 1406 2160 si
1427 2135 1515 2161 sese

178 2191 370 2229 Britanni
405 2194 656 2230 numerent?
717 2193 783 2231 Sic
806 2193 1052 2232 Germanias
1087 2192 1318 2231 excussisse
1353 2192 1514 2241 iugum:

120 2274 158 2302 30
176 2265 217 2299 et
242 2261 425 2309 flumine,
456 2275 539 2300 non
566 2262 729 2301 Oceano
759 2263 941 2301 defendi.
971 2262 973 2264 ’
1000 2263 1088 2301 Sibi
1116 2263 1294 2313 patriam
1322 2262 1515 2312 coniuges

176 2336 380 2380 parentes,
411 2332 497 2371 illis
533 2333 751 2371 avaritiam
786 2337 827 2371 et
861 2333 1068 2371 luxuriam
1103 2346 1246 2372 causas
1280 2333 1380 2371 belli
1415 2345 1514 2371 esse.

181 2402 438 2449 Recessuros,
475 2406 521 2439 ut
551 2403 684 2441 Divus
720 2403 855 2441 Iulius
886 2402 1137 2445 recessisset,
1167 2403 1287 2443 modo
1316 2403 1515 2441 virtutem
