1747 2764
667 121 938 153 GERMANIA.
1411 118 1465 159 41

135 235 334 285 frigorum
375 235 462 274 eius
500 236 611 273 modi
650 235 729 273 loci
768 235 976 283 molliunt,
1004 240 1045 274 et
1075 237 1109 275 si
1139 238 1305 287 quando
1334 239 1466 278 hostis

135 306 316 354 advenit,
347 309 490 355 aperta
519 305 755 355 populatur,
788 305 930 343 abdita
963 310 1102 344 autem
1132 311 1172 344 et
1202 308 1368 346 defossa
1396 313 1468 347 aut

134 376 377 425 ignorantur
406 380 477 413 aut
507 388 553 413 eo
583 375 673 425 ipso
702 375 869 423 fallunt,
901 376 1012 425 quod
1041 378 1274 426 quaerenda
1305 383 1411 416 sunt.

188 445 249 484 17.
290 446 501 494 Tegumen
521 445 710 483 omnibus
732 457 875 493 sagum
896 445 1024 484 fibula
1043 450 1126 493 aut,
1149 446 1184 485 si
1205 447 1324 494 desit,
1347 448 1469 498 spina

134 519 390 553 consertum:
421 519 558 553 cetera
590 515 734 553 intecti
765 519 872 553 totos
902 515 990 554 dies
1024 516 1142 554 iuxta
1175 517 1313 555 focum
1343 522 1467 567 atque
1485 527 1503 556 5

134 585 271 634 ignem
306 589 444 634 agunt.
511 585 848 635 Locupletissimi
878 590 992 624 veste
1022 586 1350 635 distinguuntur,
1386 600 1467 625 non

134 655 338 703 fluitante,
374 655 480 694 sicut
515 655 727 693 Sarmatae
761 668 807 693 ac
841 656 1000 704 Parthi,
1033 656 1105 694 sed
1139 656 1285 695 stricta
1318 661 1358 695 et
1390 657 1469 696 sin-

135 725 252 774 gulos
300 730 414 763 artus
461 725 728 775 exprimente.
806 726 966 764 Gerunt
1013 730 1054 764 et
1096 726 1280 764 ferarum
1323 727 1466 777 pelles,

134 795 313 845 proximi
337 795 451 845 ripae
475 795 752 844 neglegenter,
774 795 991 835 ulteriores
1022 796 1284 846 exquisitius,
1307 801 1353 835 ut
1382 798 1469 847 qui-

134 864 209 902 bus
252 864 394 902 nullus
442 876 515 913 per
562 865 792 903 conmercia
834 865 982 904 cultus.
1058 866 1233 916 Eligunt
1274 868 1384 906 feras
1428 872 1469 906 et
1487 877 1525 906 10

135 934 322 973 detracta
354 934 561 972 velamina
603 939 804 984 spargunt
846 936 1018 974 maculis
1062 936 1323 987 pellibusque
1360 937 1471 976 belu-

135 1016 262 1051 arum,
288 1017 390 1054 quas
413 1004 593 1042 exterior
617 1004 803 1043 Oceanus
829 1009 952 1055 atque
976 1006 1164 1056 ignotum
1186 1020 1298 1045 mare
1322 1007 1466 1057 giguit.

134 1075 223 1112 Nec
243 1074 350 1112 alius
371 1074 539 1112 feminis
559 1087 684 1124 quam
711 1075 811 1114 viris
836 1075 1015 1123 habitus,
1044 1077 1125 1115 nisi
1152 1077 1262 1126 quod
1289 1077 1468 1116 feminae

136 1144 300 1194 saepius
321 1144 442 1183 lineis
463 1144 683 1183 amictibus
705 1145 897 1183 velantur
918 1158 1066 1196 eosque
1088 1159 1271 1196 purpura
1290 1147 1467 1195 variant,

134 1218 375 1264 partemque
396 1214 574 1253 vestitus
597 1215 820 1264 superioris
848 1215 891 1253 in
915 1217 1097 1254 manicas
1123 1229 1204 1254 non
1225 1218 1466 1265 extendunt,
1488 1228 1524 1257 15

135 1285 270 1322 nudae
292 1284 484 1323 bracchia
507 1297 553 1323 ac
578 1285 771 1333 lacertos;
803 1286 875 1324 sed
899 1290 940 1324 et
964 1287 1154 1336 proxima
1173 1299 1268 1336 pars
1289 1287 1468 1337 pectoris

136 1358 262 1404 patet.

190 1423 251 1462 18.
292 1424 546 1474 Quamquam
594 1437 737 1463 severa
778 1425 865 1463 illic
908 1426 1184 1474 matrimonia,
1225 1439 1298 1465 nec
1338 1427 1469 1466 ullam

136 1506 294 1531 morum
326 1499 486 1544 partem
518 1495 647 1543 magis
678 1495 923 1534 laudaveris.
982 1496 1091 1533 Nam
1121 1509 1248 1546 prope
1274 1497 1351 1536 soli
1383 1497 1470 1536 bar-

136 1563 326 1602 barorum
354 1564 528 1613 singulis
553 1565 750 1603 uxoribus
774 1565 959 1603 contenti
989 1570 1098 1611 sunt,
1121 1567 1304 1616 exceptis
1335 1567 1470 1605 admo—
1487 1577 1526 1605 20

135 1633 234 1671 dum
254 1633 409 1683 paucis,
431 1634 502 1683 qui
523 1647 603 1671 non
625 1634 810 1681 libidine,
830 1635 902 1673 sed
923 1635 972 1673 ob
992 1635 1255 1693 nobilitate-m
1276 1636 1468 1686 plurimis

135 1703 294 1753 nuptiis
326 1704 574 1742 ambiuntur.
633 1705 784 1742 Dotem
812 1718 894 1743 non
926 1718 1028 1743 uxor
1059 1706 1220 1754 marito,
1247 1707 1319 1745 sed
1348 1707 1467 1745 uxori

136 1773 308 1811 maritus
356 1773 487 1811 offert.
566 1774 782 1813 Intersunt
827 1762 1020 1825 parentes
1064 1780 1104 1814 et
1150 1776 1375 1826 propinqui
1421 1789 1468 1815 ac

136 1855 305 1881 munera
352 1844 539 1893 probant,
588 1856 758 1882 munera
807 1857 889 1882 non
936 1845 989 1883 ad
1036 1845 1205 1885 delicias
1253 1846 1466 1885 muliebris

137 1912 327 1962 quaesita
356 1925 429 1951 nec
464 1913 613 1963 quibus
644 1926 752 1953 nova
782 1918 914 1964 nupta
945 1919 1140 1963 comatur,
1172 1916 1243 1954 sed
1272 1916 1396 1955 boves
1427 1920 1468 1955 et
1486 1927 1523 1956 25

137 1981 346 2020 frenatum
376 1994 526 2032 equum
554 1988 595 2021 et
625 1987 787 2022 scutum
817 1996 908 2021 cum
939 1984 1098 2023 framea
1126 1985 1357 2035 gladioque.
1417 1986 1468 2024 1n

136 2051 237 2089 haec
267 2064 439 2091 munera
468 2066 571 2091 uxor
602 2053 804 2103 accipitur
833 2058 956 2104 atque
987 2054 1031 2091 111
1060 2054 1191 2092 vicem
1221 2055 1313 2105 ipsa
1341 2067 1468 2094 armo-

137 2134 226 2158 rum
257 2121 417 2171 aliquid
446 2122 535 2160 viro
564 2123 722 2161 adfert:
754 2123 830 2161 hoc
860 2124 1086 2162 maximum
1111 2125 1335 2173 vinculum,
1366 2125 1467 2163 haec

137 2202 287 2228 arcana
320 2203 446 2239 sacra,
476 2192 551 2231 hos
585 2193 821 2241 coniugales
856 2194 953 2232 deos
988 2194 1253 2232 arbitrantur.
1323 2195 1389 2232 Ne
1425 2207 1467 2233 se

138 2259 287 2298 mulier
324 2265 444 2299 extra
476 2261 678 2300 virtutum
715 2263 987 2312 cogitationes
1027 2268 1226 2314 extraque
1264 2264 1463 2302 bellorum
1485 2277 1522 2306 30

138 2341 257 2368 casus
295 2334 427 2380 putet,
460 2331 562 2381 ipsis
600 2332 840 2382 incipientis
879 2333 1135 2371 matrimonii
1173 2334 1370 2383 auspiciis
1401 2334 1468 2372 ad-

138 2403 329 2437 monetur
348 2400 490 2438 venire
518 2413 560 2440 se
584 2401 771 2441 laborum
793 2402 1150 2452 periculorumque
1172 2403 1336 2449 sociam,
1358 2403 1467 2441 idem
