1747 2764
240 118 294 159 54
661 130 697 159 P.
734 128 965 160 CORNELII
997 129 1160 161 TACI'l'l

586 248 659 282 The
684 249 827 289 Variscz',
849 251 1085 290 Marcomani,
1112 252 1239 294 Quadi.

292 324 356 363 42.
398 326 525 364 quta
544 327 861 366 Hermunduros
882 328 1040 367 Varisti
1071 342 1116 367 ac
1145 329 1295 367 deinde
1322 330 1578 368 Marcomani

240 399 282 433 et
302 396 436 440 Quadi
463 400 602 445 agunt.
662 398 893 447 Praecipua
918 399 1275 437 Marcomanorum
1305 399 1437 447 gloria
1456 400 1581 438 vires-

240 478 330 514 que,
367 470 490 516 atque
526 467 617 517 ipsa
650 468 772 505 etiam
811 469 928 507 sedes
964 469 1096 518 pulsis
1136 469 1235 506 olim
1275 469 1390 507 Boiis
1424 470 1580 508 virtute

240 540 368 585 parta.
445 537 534 574 Nec
563 538 721 576 Varisti
756 538 943 583 Quadive
974 539 1238 588 degenerant.
1311 540 1453 589 anue
1484 541 1581 578 Ger-

202 612 220 639 5
240 606 400 644 maniae
427 605 542 643 velut
573 606 689 644 frons
720 610 793 654 est,
826 611 1031 657 quatenus
1063 609 1256 646 Danuvio
1287 609 1579 658 praecingitur.

240 677 519 714 Marcomanis
562 677 798 726 Quadisque
845 690 975 727 usque
1019 678 1071 716 ad
1113 682 1298 716 nostram
1339 679 1579 717 memoriam

241 759 357 794 reges
392 751 635 785 manserunt
669 760 719 785 ex
759 751 881 796 gente
920 748 1117 798 ipsorum,
1154 748 1291 786 nobile
1332 749 1600 804 Marobodur

241 821 283 853 et
316 816 446 854 Tudri
477 830 605 865 genus
639 817 738 867 (iam
769 822 810 855 et
840 822 1031 856 externos
1062 818 1311 871 patiuntur),
1344 819 1416 857 sed
1445 819 1508 857 vis
1539 823 1580 857 et

241 887 430 936 potentia
468 887 633 935 regibus
667 900 718 925 ex
757 889 1002 926 auctoritate
1042 889 1239 926 Romana.
1304 890 1414 927 Raro
1453 889 1579 928 armis

185 964 222 993 10
240 957 408 1004 nostris,
440 958 605 1007 saepius
636 959 812 1008 pecunia
840 958 1049 1007 iuvantur,
1080 971 1154 997 nec
1184 959 1322 997 minus
1346 959 1496 997 valent.

439 1065 508 1096 The
533 1064 726 1106 Marsi-(sni,
752 1066 882 1104 Cotini,
909 1066 979 1104 Osi,
1005 1067 1107 1097 Buri.
1166 1067 1236 1098 The
1260 1067 1377 1107 Luqizl

293 1152 357 1191 43.
395 1154 524 1190 Retro
541 1153 758 1202 Marsigni,
777 1154 928 1202 Cotini,
947 1154 1031 1201 Osi,
1050 1154 1151 1192 Buri
1168 1158 1284 1203 terga
1300 1156 1580 1193 Marcomano-

242 1236 331 1260 rum
364 1224 684 1273 Quadorumque
710 1224 894 1262 cludunt.
955 1225 989 1261 E
1011 1225 1160 1274 quibus
1184 1225 1387 1273 Marsigni
1413 1229 1453 1263 et
1479 1225 1578 1262 Buri

242 1306 428 1332 sermone
450 1294 647 1344 cultuque
670 1294 825 1332 Suebos
847 1295 1056 1332 referunt:
1087 1295 1257 1334 Cotinos
1281 1295 1454 1341 Gallica,
1477 1295 1579 1333 Osos

243 1364 654 1413 Pannonicalingua
683 1365 869 1413 coarguit
899 1378 981 1403 non
1011 1378 1100 1403 esse
1132 1366 1373 1411 Germanos,
1401 1370 1441 1403 et
1471 1366 1581 1415 quod

186 1442 222 1471 15
241 1434 399 1472 tributa
419 1435 647 1484 patiuntur.
706 1436 874 1473 Partem
896 1435 1147 1473 tributorum
1174 1436 1398 1484 Sarmatae,
1422 1439 1579 1485 partem

240 1504 373 1549 Quadi
394 1509 441 1542 ut
461 1505 707 1553 alienigenis
729 1505 971 1555 imponunt:
999 1505 1151 1552 Cotini,
1169 1518 1249 1555 quo
1266 1505 1396 1554 magis
1414 1506 1579 1555 pudeat,

241 1581 282 1612 et
303 1575 459 1612 ferrum
481 1575 696 1612 effodiunt.
756 1576 991 1625 Omnesque
1018 1576 1061 1613 hi
1087 1575 1230 1625 populi
1252 1588 1384 1625 pauca
1403 1588 1582 1625 campes-

240 1645 380 1691 trium,
402 1650 583 1682 ceterum
612 1646 743 1684 saltus
774 1649 815 1683 et
850 1646 1027 1683 vertices
1067 1646 1272 1683 montium
1310 1645 1578 1697 [iugumque]

241 1714 494 1752 insederunt.
540 1715 714 1753 Dirimit
734 1715 842 1752 enini
866 1715 1100 1765 scinditque
1123 1715 1317 1753 Suebiam
1338 1715 1582 1753 continuum

184 1792 223 1820 20
243 1784 444 1822 montium
475 1785 629 1833 iugum,
660 1786 772 1823 ultra
805 1786 914 1834 quod
948 1785 1152 1835 plurimae
1186 1789 1329 1833 gentes
1360 1789 1500 1834 agunt,
1532 1797 1580 1822 ex

242 1854 392 1904 quibus
410 1854 613 1893 latissime
635 1859 751 1904 patet
772 1848 996 1904 Lfigiorum
1014 1868 1163 1892 nomen
1181 1855 1223 1892 in
1240 1855 1371 1905 pluris
1389 1855 1581 1893 civitates

242 1924 453 1962 diffusum.
501 1925 821 1963 Valentissimas
838 1925 1074 1963 nominasse
1093 1924 1281 1973 sufficiet,
1300 1925 1466 1973 Harios,
1484 1924 1582 1962 Hel—

243 2001 432 2035 vaecnas.
455 1995 675 2037 Manimos,
697 1995 864 2042 Elisios,
886 1995 1216 2033 Nahanarvalos.
1267 1995 1395 2044 Apud
1415 1994 1582 2032 Nahan-

243 2065 405 2103 arvalos
438 2065 633 2115 antiquae
666 2065 879 2113 religionis
910 2065 1028 2103 lucus
1061 2065 1306 2103 ostenditur.
1365 2064 1582 2102 Praesidet

186 2140 223 2168 25
243 2135 430 2173 sacerdos
448 2135 639 2173 muliebri
657 2140 816 2177 ornatu,
833 2136 904 2173 sed
920 2136 1017 2173 deos
1035 2135 1377 2185 interpretatione
1395 2135 1583 2172 Romana

244 2205 455 2243 Castorem
477 2205 772 2255 Pollucemque
794 2209 1034 2243 memorant.
1083 2206 1145 2242 Ea
1162 2205 1224 2243 vis
1241 2204 1415 2252 numini,
1433 2216 1582 2242 nomen

243 2274 371 2313 Alcis.
421 2275 552 2313 Nulla
572 2275 803 2323 simulacra,
821 2275 980 2313 nullum
1005 2275 1248 2325 peregrinae
1271 2274 1582 2324 superstitionis

242 2345 486 2394 vestigium;
509 2350 555 2383 ut
571 2346 722 2383 fratres
739 2350 890 2393 tamen,
909 2349 954 2382 ut
971 2345 1140 2383 iuvenes
1159 2349 1418 2383 venerantur.
1470 2345 1583 2382 Cete-

244 2428 331 2452 rum
372 2415 496 2453 Harii
537 2427 659 2464 super
696 2415 815 2459 vires,
847 2415 996 2465 quibus
1029 2418 1290 2453 enumeratos
1330 2414 1453 2464 paulo
1487 2417 1582 2452 ante
