1747 2764
704 143 764 176 GE
773 142 975 174 RMANIA.
1450 137 1503 177 33

171 272 360 310 asperam
388 258 513 307 caelo,
543 258 707 297 tristem
737 253 852 297 cultu
883 259 1175 307 adspectuque,
1203 257 1282 295 nisi
1309 257 1343 295 si
1371 258 1506 306 patria

171 329 261 368 sit?

225 399 445 438 Celebrant
474 398 728 437 carminibus
759 398 954 448 antiquis,
977 398 1087 447 quod
1115 411 1243 435 unum
1273 398 1383 447 apud
1410 398 1504 436 illos

171 470 392 507 memoriae
422 473 463 507 et
492 468 704 507 annalium
734 481 862 517 genus
893 472 967 515 est,
990 468 1231 505 Tuistonem
1253 468 1374 505 deum
1395 472 1506 505 terra

171 539 329 578 editum
350 543 390 578 et
410 539 545 577 filium
566 540 767 577 Mannum
788 538 990 587 originem
1015 538 1150 587 gentis
1176 538 1502 587 conditoresque.
1524 546 1542 573 5

171 610 327 648 Manno
347 610 423 648 tris
444 609 551 647 filios
573 609 808 657 adsignant,
830 621 850 646 e
872 621 1047 658 quorum
1067 608 1304 646 nominibus
1326 608 1505 657 proximi

172 680 335 719 Oceano
356 680 624 729 Ingaevones,
646 679 772 717 medii
794 679 1085 725 Herminones,
1108 678 1235 716 ceteri
1262 679 1505 716 Istaevones

172 754 381 788 vocentur.
440 750 627 797 Quidam,
658 753 705 788 ut
733 750 776 786 in
806 749 976 787 licentia
1006 748 1240 796 vetustatis,
1268 749 1400 798 pluris
1432 749 1506 786 deo

172 825 295 865 ortos,
316 820 530 870 plurisque
555 820 689 868 gentis
717 819 1031 869 adpellationes,
1055 820 1216 857 Marsos
1242 819 1505 857 Gambrivios

174 891 328 928 Suebos
375 890 592 928 Vandilios
641 889 874 937 adfirmant,
923 901 1053 938 eaque
1100 902 1198 926 vera
1245 893 1286 926 et
1333 889 1507 938 antiqua
1527 899 1562 927 10

172 960 350 998 nomina.
400 960 591 998 Ceterum
614 959 861 998 Germaniae
883 959 1129 997 vocabulum
1151 971 1290 997 recens
1313 963 1353 996 et
1374 971 1506 1009 nuper

174 1030 373 1077 auditum,
396 1030 590 1080 quoniam
615 1029 686 1079 qui
713 1030 837 1079 primi
866 1029 1059 1067 Rhenum
1088 1029 1337 1078 transgressi
1363 1029 1505 1067 Gallos

174 1100 410 1150 expulerint
437 1099 503 1150 [ac
527 1112 636 1138 nunc
667 1100 859 1151 Tungri]
882 1104 980 1137 tunc
1011 1099 1208 1137 Germani
1235 1099 1368 1137 vocati
1399 1099 1504 1137 sint:

174 1170 233 1208 ita
272 1170 451 1208 nationis
490 1183 650 1218 nomen,
682 1183 764 1208 non
802 1170 936 1218 gentis
977 1169 1180 1207 evaluisse
1216 1169 1430 1218 paulatim,
1460 1174 1507 1207 ut

175 1253 314 1279 omnes
336 1240 515 1290 primum
537 1253 560 1278 a
581 1240 735 1277 victore
757 1240 808 1277 ob
827 1244 995 1285 metum,
1018 1252 1113 1276 mox
1134 1239 1259 1277 etiam
1281 1252 1304 1277 a
1324 1252 1366 1277 se
1390 1239 1505 1289 ipsis,
1528 1249 1562 1276 15

175 1310 345 1347 invento
367 1310 543 1357 nomine,
566 1309 762 1348 Germani
785 1313 1038 1347 vocarentur.

229 1379 264 1417 3.
305 1379 451 1417 Fuisse
481 1379 591 1429 apud
621 1392 689 1417 eos
719 1365 771 1416 et*
790 1379 1015 1416 Herculem
1045 1383 1287 1427 memorant,
1313 1379 1507 1429 primum-

176 1461 255 1499 que
289 1449 469 1486 omnium
507 1449 688 1487 virorum
723 1449 895 1487 fortium
930 1449 1029 1486 ituri
1069 1449 1112 1486 in
1150 1449 1308 1499 proelia
1340 1453 1504 1487 canunt.

177 1519 284 1557 Sunt
317 1519 402 1557 illis
436 1519 536 1557 haec
572 1532 733 1569 quoque
769 1519 963 1566 carmina,
997 1532 1167 1568 quorum
1205 1519 1351 1568 relatu,
1384 1532 1506 1569 quem

176 1589 385 1627 barditum
419 1593 579 1637 vocant,
611 1589 843 1627 accendunt
872 1589 1032 1627 animos
1062 1589 1310 1639 futuraeque
1345 1602 1507 1639 pugnae
1526 1595 1564 1625 20

175 1659 386 1697 fortunam
424 1659 515 1709 ipso
553 1662 677 1697 cantu
716 1663 992 1708 augurantur3
1041 1663 1199 1697 terrent
1237 1659 1346 1697 enim
1385 1659 1509 1709 trepi-

176 1729 341 1778 dantve,
381 1733 504 1779 prout
542 1729 681 1768 sonuit
719 1729 839 1777 acies,
878 1741 953 1766 nec
977 1732 1077 1773 ,tam
1117 1729 1229 1767 vocis
1270 1729 1342 1767 ille
1385 1742 1508 1778 quam

176 1798 345 1838 virtutis
367 1803 589 1838 concentus
610 1799 785 1837 videtur.
845 1799 1095 1837 Adfectatur
1118 1799 1338 1849 praecipue
1359 1799 1510 1849 asperi-

176 1872 241 1907 tas
271 1869 361 1907 soni
390 1873 431 1907 et
459 1869 639 1907 fractum
673 1882 870 1917 murmur,
901 1868 1072 1907 obiectis
1103 1869 1154 1907 ad
1183 1882 1227 1908 os
1258 1869 1398 1918 scutis,
1429 1881 1510 1919 quo

177 1938 338 1988 plenior
362 1942 403 1976 et
433 1939 594 1987 gravior
617 1952 699 1977 vox
728 1951 972 1988 repercussu
998 1939 1257 1977 intumescat.
1317 1940 1510 1978 Ceterum
1528 1948 1565 1976 25

178 2012 219 2046 et
240 2008 395 2047 Ulixen
417 2008 585 2058 quidam
606 2009 830 2059 opinantur
851 2009 973 2058 longo
999 2009 1074 2047 1110
1099 2013 1141 2047 et
1164 2009 1354 2047 fabuloso
1374 2021 1509 2047 errore

178 2078 221 2115 in
267 2078 377 2116 hunc
417 2078 622 2117 Oceanum
669 2079 852 2117 delatum
900 2079 1035 2117 adisse
1081 2079 1326 2118 Germaniae
1364 2083 1508 2127 terras,

184 2147 564 2198 Asciburgiumque,
604 2149 714 2198 quod
751 2148 796 2186 in
833 2148 924 2198 ripa
961 2149 1100 2186 Rheni
1140 2149 1266 2187 situm
1306 2149 1510 2198 hodieque

179 2217 384 2265 incolitur,
407 2218 457 2256 ab
482 2218 555 2256 illo
581 2218 855 2256 constitutum
880 2218 1243 2268 nominatumque3
1276 2231 1389 2256 aram
1410 2219 1511 2268 quin

180 2287 307 2325 etiam
332 2287 451 2326 Ulixi
476 2292 768 2336 consecratam,
790 2288 950 2326 adiecto
977 2289 1151 2326 Laertae
1172 2288 1302 2338 patris
1329 2288 1509 2337 nomine,
1529 2299 1568 2328 30

180 2358 323 2396 eodem
354 2357 443 2395 loco
477 2358 576 2395 olim
613 2362 832 2408 repertam,
863 2362 1211 2407 monumentaque
1250 2362 1291 2396 et
1328 2358 1510 2397 tumulos

181 2427 380 2477 quosdam
402 2427 569 2466 Graecis
590 2428 742 2466 litteris
763 2428 986 2478 inscriptos
1008 2428 1051 2465 in
1071 2427 1248 2466 confinio
1266 2428 1511 2467 Germaniae
