1747 2764
682 140 944 173 AGRICOLA.
1429 134 1481 176 17
1512 168 1514 171 ,

150 258 305 308 populi,
327 260 475 307 paratu
495 269 654 305 magno,
678 255 830 293 maiore
856 255 979 302 fama,
1001 255 1064 292 uti
1092 268 1179 293 mos
1207 259 1270 293 est
1297 255 1346 292 de
1374 255 1484 304 igno-

149 328 216 376 tis,
253 339 489 378 oppugnare
527 326 636 364 ultro
675 325 847 364 castella
885 325 1030 373 adorti,
1070 329 1225 362 metum
1264 329 1310 362 ut
1344 338 1483 375 provo-

150 402 288 436 cantes
311 397 578 445 addiderant3
619 396 1015 445 regrediendumque
1045 395 1151 433 citra
1181 395 1421 433 Bodotriam
1443 400 1484 433 et

151 468 431 506 excedendum
462 466 598 516 potius
623 479 745 516 quam
771 466 1025 516 pellerentur
1057 465 1197 513 ignavi
1231 465 1366 514 specie
1394 479 1485 515 pru-

151 538 339 576 dentium
360 537 647 584 admonebant,
669 548 761 573 cum
788 536 954 573 interim
975 536 1185 584 cognoscit
1205 535 1338 574 hostis
1360 536 1485 585 pluri·
1502 545 1521 572 5

150 609 226 646 bus
248 607 480 657 agminibus
503 606 753 656 inrupturos.
823 605 885 643 Ac
912 618 963 643 ne
996 610 1215 655 superante
1247 618 1417 643 numero
1444 610 1485 644 et

152 678 302 728 peritia
326 677 508 715 locorum
533 675 831 723 circumiretur,
855 675 989 713 diviso
1010 679 1052 713 et
1078 675 1166 725 ipse
1191 676 1235 713 in
1256 676 1332 714 tris
1353 675 1485 726 partis

152 748 335 786 exercitu
355 748 534 786 incessit.

205 817 267 856 26.
304 818 421 863 Quod
444 818 515 855 ubi
545 815 755 865 cognitum
786 815 908 863 hosti,
926 820 1086 853 mutato
1115 820 1284 865 repente
1314 816 1487 854 consilio

152 887 336 926 universi
374 900 525 925 nonam
560 887 776 935 legionem,
805 890 852 923 ut
886 886 1065 923 maxime
1100 885 1340 933 invalidam,
1368 890 1486 924 nocte
1507 892 1543 920 10

155 957 351 1006 adgressi,
389 957 497 995 inter
533 969 721 994 somnum
757 968 802 993 ac
835 956 1156 1005 trepidationem
1191 956 1320 994 caesis
1355 956 1488 1004 vigili-

154 1028 229 1066 bus
250 1027 453 1077 inrupere.
514 1027 685 1076 Iamque
718 1026 759 1062 in
792 1025 895 1075 ipsis
925 1026 1072 1064 castris
1100 1026 1373 1075 pugnabatur,
1395 1038 1487 1063 011111

155 1097 349 1146 Agricola
375 1097 453 1134 iter
482 1096 664 1134 hostium
695 1095 744 1133 ab
774 1095 1105 1145 exploratoribus
1135 1096 1304 1134 edoctus
1334 1100 1375 1133 et
1404 1108 1488 1134 ves-

154 1167 269 1216 tigiis
309 1167 532 1213 insecutus,
572 1153 853 1203 velocissimos
892 1165 1078 1215 equitum
1118 1166 1385 1215 peditumque
1423 1166 1489 1203 ad-

156 1237 311 1275 sultare
334 1237 461 1286 tergis
491 1235 766 1286 pugnantium
799 1235 923 1282 iubet,
946 1248 1040 1273 mox
1067 1236 1118 1273 ab
1144 1235 1350 1273 universis
1381 1235 1489 1273 adici
1509 1245 1544 1272 15

156 1307 397 1354 clamorem3
429 1310 470 1344 et
493 1306 727 1356 propinqua
747 1306 836 1343 luce
868 1306 1022 1343 fulsere
1053 1306 1180 1354 signa.
1232 1306 1299 1343 Ita
1315 1305 1489 1355 ancipiti

157 1377 264 1414 malo
302 1376 439 1415 territi
486 1376 699 1423 Britanni,
749 1380 790 1413 et
827 1375 1028 1414 Romanis
1068 1375 1192 1413 rediit
1230 1376 1403 1422 animus,
1443 1388 1490 1413 ao

158 1447 289 1484 5001111
310 1459 383 1496 pro
405 1446 537 1484 salute
558 1446 607 1483 de
635 1445 766 1495 gloria
794 1445 1018 1483 certabant.
1080 1445 1203 1484 Ultro
1234 1446 1334 1495 quin
1364 1445 1486 1483 etiam

158 1528 339 1566 erupere,
368 1520 409 1554 et
437 1516 520 1553 fuit
550 1520 667 1553 atrox
697 1515 739 1552 in
770 1515 872 1565 ipsis
902 1520 1111 1564 portarum
1145 1515 1348 1564 angustiis
1378 1527 1491 1565 proe-

157 1586 272 1634 lium,
301 1586 429 1623 donec
458 1585 568 1635 pulsi
589 1585 741 1631 hostes,
772 1589 946 1634 utroque
977 1585 1160 1623 exercitu
1183 1589 1379 1633 certante,
1410 1585 1488 1633 liis,
1509 1595 1547 1623 20

156 1660 203 1693 ut
245 1656 392 1694 tulisse
440 1668 569 1705 opem,
606 1655 703 1702 illis,
742 1667 792 1692 ne
837 1655 998 1703 eguisse
1042 1654 1197 1693 auxilio
1240 1655 1488 1693 viderentur.

156 1725 273 1770 Quod
301 1724 384 1763 nisi
407 1724 580 1774 paludes
612 1728 653 1762 et
683 1724 811 1762 silvae
841 1724 1044 1773 fugientis
1074 1725 1290 1773 texissent,
1313 1725 1488 1763 debella-

157 1798 245 1832 tum
267 1794 341 1832 illa
361 1793 534 1832 victoria
554 1794 673 1831 foret.

209 1863 273 1902 27.
315 1864 441 1903 Cuius
477 1863 729 1901 conscientia
762 1876 807 1901 ac
842 1863 955 1902 fama
988 1864 1106 1902 ferox
1140 1864 1345 1903 exereitus
1380 1865 1486 1902 nihil

156 1934 303 1972 virtuti
346 1946 442 1972 suae
484 1933 644 1971 invium
693 1937 734 1971 et
781 1934 1077 1983 penetrandam
1121 1934 1385 1973 Caledoniam
1430 1935 1544 1972 111-25

157 2004 488 2054 veniendumque
526 2004 694 2042 tandem
739 2004 980 2042 Britanniae
1023 2005 1247 2042 terminum
1291 2004 1486 2043 continuo

156 2073 403 2123 proeliorum
433 2086 554 2111 0111511
583 2074 826 2112 fremebant.
885 2074 1024 2123 Atque
1055 2074 1118 2111 illi
1148 2075 1268 2112 modo
1298 2075 1409 2112 cauti
1440 2088 1485 2113 ac

157 2143 366 2193 sapientes
404 2143 586 2193 prompti
625 2148 719 2193 post
753 2148 947 2181 eventum
982 2156 1028 2182 ac
1062 2144 1319 2194 magniloqui
1354 2149 1482 2182 erant.

157 2213 428 2262 Iniquissima
456 2213 556 2251 haec
580 2213 779 2251 bellorum
805 2214 993 2252 condicio
1014 2218 1097 2252 est:
1130 2226 1324 2264 prospera
1345 2227 1485 2253 omnes

157 2282 235 2320 sibi
274 2283 498 2331 vindicant,
533 2283 706 2321 adversa
744 2284 815 2321 uni
853 2284 1122 2333 imputantur.
1194 2285 1251 2321 At
1292 2284 1485 2322 Britanni
1505 2293 1542 2321 30

156 2364 238 2390 non
266 2352 420 2390 virtute
455 2365 509 2397 se,
541 2353 612 2391 sed
646 2353 858 2391 occasione
892 2358 933 2391 et
967 2358 1054 2391 arte
1084 2354 1199 2392 ducis
1230 2354 1361 2391 victos
1392 2354 1483 2402 rati,

155 2421 261 2459 nihil
301 2434 351 2459 ex
389 2423 631 2472 adrogantia
670 2423 891 2471 remittere,
931 2436 1012 2473 quo
1050 2423 1187 2462 minus
1226 2423 1484 2461 iuventutem
