1747 2764
193 130 247 170 28
618 134 655 165 P.
685 131 915 164 CORNELII
946 129 1113 163 TACITI

192 253 322 290 livore
342 263 517 302 pronum
535 248 810 287 deterioribus
831 246 1061 297 principem
1079 243 1415 283 exstimulabant.
1468 244 1533 282 Sic

191 323 388 372 Agricola
422 320 546 360 simul
580 319 666 358 suis
696 317 937 366 Virtutibus,
973 316 1097 355 simul
1128 314 1245 353 vitiis
1280 314 1456 353 aliorum
1489 314 1533 352 in

191 394 325 444 ipsam
347 392 519 441 gloriam
540 401 738 440 praeceps
760 388 969 437 agebatur.

243 463 308 503 42.
347 463 509 501 Aderat
538 461 621 499 iam
651 472 797 506 annus,
825 471 905 508 quo
934 457 1271 508 proconsulatum
1294 455 1464 493 Africae
1493 460 1535 494 et

153 535 319 573 5Asiae
354 533 585 578 sortiretur,
622 534 663 568 et
697 529 831 567 occiso
866 528 1009 567 Civica
1042 540 1174 577 nuper
1207 539 1281 564 nec
1314 525 1534 575 Agricolae

191 604 412 644 consilium
444 603 586 640 deerat
615 613 690 638 nec
720 599 961 637 Domitiano
991 597 1239 647 exemplum.
1311 596 1534 634 Accessere

193 675 361 726 quidam
391 672 690 722 cogitationum
721 669 924 720 principis
954 668 1091 718 periti,
1114 667 1185 717 qui
1212 667 1402 705 iturusne
1426 670 1536 704 esset

193 746 236 783 in
265 744 523 795 provinciam
551 742 662 779 ultro
683 740 924 789 Agricolam
946 739 1260 787 interrogarent.
1320 737 1380 774 Ac
1402 736 1535 787 primo

193 816 394 855 occultius
427 814 609 864 quietem
643 816 684 849 et
715 810 846 848 otium
881 809 1063 856 laudare,
1096 821 1191 845 mox
1220 820 1386 857 operam
1418 819 1534 845 suam
1575 796 1577 799 Α

137 896 175 925 10
192 887 237 925 111
276 884 544 936 adprobanda
582 881 849 920 excusatione
889 880 1048 927 offerre,
1085 882 1292 928 postremo
1331 890 1413 914 non
1451 877 1534 915 iam

193 957 358 996 obscuri
411 955 632 993 suadentes
682 951 806 990 simul
857 954 1142 999 terrentesque
1192 952 1430 998 pertraxere
1483 947 1535 985 ad

195 1028 494 1066 Domitianum.
555 1024 635 1069 Qui
666 1026 834 1073 paratus
866 1020 1144 1067 simulatione,
1174 1019 1218 1056 in
1248 1018 1533 1067 adrogantiam

195 1098 460 1149 compositus,
492 1100 534 1134 et
571 1094 707 1133 audiit
745 1104 886 1143 preces
922 1103 964 1129 se
995 1090 1233 1128 excusantis
1264 1093 1317 1136 et,
1347 1101 1440 1127 cum
1470 1089 1537 1127 ad-

195 1170 366 1217 nuisset,
389 1168 455 1216 agi
484 1166 564 1205 sibi
592 1164 748 1214 gratias
777 1175 923 1213 passus
950 1165 1025 1209 est,
1052 1173 1121 1198 nec
1152 1160 1316 1198 erubuit
1346 1158 1536 1197 beneficii

140 1250 176 1278 15
195 1240 365 1278 invidia.
431 1236 636 1275 Salarium
675 1239 817 1272 tamen
856 1231 1148 1283 proconsulare
1189 1230 1357 1268 solitum
1397 1228 1536 1267 offerri

196 1316 238 1349 et
267 1309 517 1360 quibusdam
547 1319 571 1344 a
600 1318 642 1344 se
673 1305 763 1355 ipso
790 1315 1028 1341 concessum
1053 1301 1273 1350 Agricolae
1301 1312 1382 1337 non
1407 1299 1535 1347 dedit,
1588 1344 1591 1347 ἱ

197 1383 284 1420 sive
314 1380 497 1418 offensus
528 1390 610 1414 non
639 1375 830 1426 petitum,
862 1373 950 1411 sive
980 1385 1029 1410 ex
1059 1370 1324 1418 conscientia,
1346 1382 1397 1408 ne
1427 1370 1537 1420 quod

196 1454 386 1490 vetuerat
424 1449 637 1487 videretur
676 1445 836 1483 emisse.
911 1442 1131 1493 Proprium
1171 1440 1342 1479 humani
1381 1439 1537 1489 ingenii

197 1526 260 1561 est
291 1521 426 1559 odisse
462 1531 585 1569 quem
620 1515 809 1555 laeseris:
851 1513 1082 1551 Domitiani
1118 1525 1213 1550 vero
1247 1515 1397 1549 natura
1427 1523 1539 1560 prae-

141 1605 179 1633 20
197 1606 293 1643 ceps
323 1593 367 1629 in
397 1591 513 1636 iram,
539 1592 581 1626 et
611 1600 692 1637 quo
721 1585 943 1631 obscurior,
973 1596 1019 1621 eo
1048 1582 1376 1629 inrevocabilior,
1405 1581 1539 1619 mode-

198 1664 357 1702 ratione
391 1666 531 1699 tamen
566 1656 870 1709 prudentiaque
905 1654 1123 1703 Agricolae
1163 1653 1407 1697 leniebatur,
1441 1651 1539 1701 quia

199 1747 280 1772 non
310 1730 571 1771 contumacia
596 1740 730 1778 neque
758 1726 872 1764 inani
900 1724 1123 1763 iactatione
1151 1722 1357 1777 libertatis
1383 1722 1537 1760 famam

200 1806 417 1853 fatumque
447 1799 707 1852 provocabat.
768 1796 922 1840 Sciant,
946 1795 1097 1844 quibus
1128 1793 1253 1830 moris
1284 1796 1348 1831 est
1378 1792 1540 1830 inlicita

200 1874 354 1921 mirari,
385 1884 505 1923 posse
535 1870 662 1908 etiam
693 1868 768 1907 sub
800 1866 921 1904 malis
950 1863 1206 1915 principibus
1235 1876 1405 1911 magnos
1426 1863 1538 1900 viros

143 1955 180 1982 25
200 1958 301 1992 esse,
324 1942 650 1992 obsequiumque
681 1950 726 1977 ac
756 1937 1016 1979 modestiam,
1048 1934 1082 1973 si
1113 1933 1319 1971 industria
1348 1946 1394 1971 ac
1425 1932 1540 1982 vigor

201 2015 352 2062 adsint,
385 2026 432 2050 eo
466 2011 602 2050 laudis
637 2008 869 2054 escendere,
908 2018 989 2056 quo
1024 2004 1211 2054 plerique
1244 2016 1316 2053 per
1351 2003 1538 2052 abrupta,

202 2086 273 2124 sed
318 2084 360 2121 in
407 2082 567 2120 nullum
618 2079 677 2117 rei
725 2077 914 2129 publicae
964 2088 1094 2123 usum,
1144 2073 1363 2112 ambitiosa
1409 2076 1540 2110 morte

201 2155 495 2194 inclaruerunt.

595 2267 801 2309 Aqrz'cola's
822 2266 937 2297 Death
960 2264 1019 2305 (93
1037 2263 1145 2304 A.D.).

255 2367 319 2406 43.
361 2365 478 2403 Finis
515 2363 623 2401 vitae
659 2362 747 2400 eius
786 2360 905 2398 nobis
940 2359 1167 2402 luctuosus,
1209 2356 1352 2394 amicis
1391 2354 1538 2403 tristis,

147 2447 185 2476 30
203 2436 412 2477 extraneis
443 2435 569 2473 etiam
600 2432 835 2482 ignotisque
866 2443 947 2467 non
979 2429 1068 2467 sine
1100 2440 1198 2483 cura
1227 2427 1320 2465 fuit.
1380 2426 1540 2475 Vulgus
