<?xml version="1.0" encoding="UTF-8"?>
<!DOCTYPE html PUBLIC "-//W3C//DTD XHTML 1.0 Transitional//EN"
    "http://www.w3.org/TR/xhtml1/DTD/xhtml1-transitional.dtd">
<html xmlns="http://www.w3.org/1999/xhtml" xml:lang="en" lang="en">
 <head>
  <title>
</title>
<meta http-equiv="Content-Type" content="text/html;charset=utf-8" />
  <meta name='ocr-system' content='tesseract 3.04.00' />
  <meta name='ocr-capabilities' content='ocr_page ocr_carea ocr_par ocr_line ocrx_word'/>
</head>
<body>
  <div class='ocr_page' id='page_1' title='image "./devitaetmoribusj00taciuoft_0141.png"; bbox 0 0 1747 2764; ppageno 0'>
   <div class='ocr_carea' id='block_1_1' title="bbox 694 109 1491 151">
    <p class='ocr_par' dir='ltr' id='par_1_1' title="bbox 694 109 1491 151">
     <span class='ocr_line' id='line_1_1' title="bbox 694 109 1491 151; baseline 0.004 -3"><span class='ocrx_word' id='word_1_1' title='bbox 694 115 965 148; x_wconf 77' lang='lat' dir='ltr'>GERMANIA.</span> <span class='ocrx_word' id='word_1_2' title='bbox 1437 109 1491 151; x_wconf 83' lang='lat'>57</span> 
     </span>
    </p>
   </div>
   <div class='ocr_carea' id='block_1_2' title="bbox 198 270 1451 311">
    <p class='ocr_par' dir='ltr' id='par_1_2' title="bbox 198 270 1451 311">
     <span class='ocr_line' id='line_1_2' title="bbox 198 270 1451 311; baseline 0 -8"><span class='ocrx_word' id='word_1_3' title='bbox 198 272 351 303; x_wconf 69' lang='lat' dir='ltr'>Eascern</span> <span class='ocrx_word' id='word_1_4' title='bbox 376 272 448 303; x_wconf 75' lang='lat' dir='ltr'>and</span> <span class='ocrx_word' id='word_1_5' title='bbox 472 271 651 303; x_wconf 74' lang='lat' dir='ltr'>Northern</span> <span class='ocrx_word' id='word_1_6' title='bbox 684 270 805 302; x_wconf 74' lang='lat' dir='ltr'>Trz&#39;hes</span> <span class='ocrx_word' id='word_1_7' title='bbox 830 271 871 310; x_wconf 80' lang='lat' dir='ltr'>of</span> <span class='ocrx_word' id='word_1_8' title='bbox 890 271 1067 310; x_wconf 74' lang='lat' dir='ltr'>Douhtful</span> <span class='ocrx_word' id='word_1_9' title='bbox 1096 270 1285 302; x_wconf 54' lang='lat' dir='ltr'>Germanic</span> <span class='ocrx_word' id='word_1_10' title='bbox 1315 270 1451 311; x_wconf 73' lang='lat' dir='ltr'>Orz&#39;yz&#39;n.</span> 
     </span>
    </p>
   </div>
   <div class='ocr_carea' id='block_1_3' title="bbox 134 364 1544 2160">
    <p class='ocr_par' dir='ltr' id='par_1_3' title="bbox 134 364 1544 2160">
     <span class='ocr_line' id='line_1_3' title="bbox 212 364 1491 413; baseline 0.001 -11"><span class='ocrx_word' id='word_1_11' title='bbox 212 364 275 403; x_wconf 88' lang='lat'>46.</span> <span class='ocrx_word' id='word_1_12' title='bbox 316 365 589 402; x_wconf 74' lang='lat' dir='ltr'>Peucinorum</span> <span class='ocrx_word' id='word_1_13' title='bbox 611 364 956 413; x_wconf 75' lang='lat' dir='ltr'>Venedorumque</span> <span class='ocrx_word' id='word_1_14' title='bbox 978 367 1019 401; x_wconf 89' lang='lat' dir='ltr'>et</span> <span class='ocrx_word' id='word_1_15' title='bbox 1039 364 1274 401; x_wconf 79' lang='lat' dir='ltr'>Fennorum</span> <span class='ocrx_word' id='word_1_16' title='bbox 1302 364 1491 403; x_wconf 85' lang='lat' dir='ltr'>nationes</span> 
     </span>
     <span class='ocr_line' id='line_1_4' title="bbox 160 433 1492 483; baseline 0 -11"><span class='ocrx_word' id='word_1_17' title='bbox 160 434 377 473; x_wconf 83' lang='lat' dir='ltr'>Germanis</span> <span class='ocrx_word' id='word_1_18' title='bbox 400 447 451 472; x_wconf 90' lang='lat' dir='ltr'>an</span> <span class='ocrx_word' id='word_1_19' title='bbox 473 434 673 472; x_wconf 82' lang='lat' dir='ltr'>Sarmatis</span> <span class='ocrx_word' id='word_1_20' title='bbox 695 434 924 472; x_wconf 82' lang='lat' dir='ltr'>adscribam</span> <span class='ocrx_word' id='word_1_21' title='bbox 945 433 1101 479; x_wconf 77' lang='lat' dir='ltr'>dubito,</span> <span class='ocrx_word' id='word_1_22' title='bbox 1120 446 1370 483; x_wconf 87' lang='lat' dir='ltr'>quamquam</span> <span class='ocrx_word' id='word_1_23' title='bbox 1391 435 1492 472; x_wconf 88' lang='lat' dir='ltr'>Peu-</span> 
     </span>
     <span class='ocr_line' id='line_1_5' title="bbox 158 503 1490 554; baseline 0.001 -13"><span class='ocrx_word' id='word_1_24' title='bbox 158 504 253 552; x_wconf 80' lang='lat' dir='ltr'>cini⁷</span> <span class='ocrx_word' id='word_1_25' title='bbox 276 517 376 554; x_wconf 86' lang='lat' dir='ltr'>quos</span> <span class='ocrx_word' id='word_1_26' title='bbox 402 504 571 554; x_wconf 86' lang='lat' dir='ltr'>quidam</span> <span class='ocrx_word' id='word_1_27' title='bbox 599 505 824 542; x_wconf 84' lang='lat' dir='ltr'>Bastarnas</span> <span class='ocrx_word' id='word_1_28' title='bbox 854 508 1012 551; x_wconf 81' lang='lat' dir='ltr'>vocant,</span> <span class='ocrx_word' id='word_1_29' title='bbox 1035 516 1221 541; x_wconf 86' lang='lat' dir='ltr'>sermone</span> <span class='ocrx_word' id='word_1_30' title='bbox 1245 503 1372 551; x_wconf 79' lang='lat' dir='ltr'>cultu,</span> <span class='ocrx_word' id='word_1_31' title='bbox 1395 505 1490 542; x_wconf 90' lang='lat' dir='ltr'>sede</span> 
     </span>
     <span class='ocr_line' id='line_1_6' title="bbox 159 573 1490 622; baseline 0 -10"><span class='ocrx_word' id='word_1_32' title='bbox 159 587 204 612; x_wconf 89' lang='lat' dir='ltr'>ac</span> <span class='ocrx_word' id='word_1_33' title='bbox 242 574 465 613; x_wconf 73' lang='lat' dir='ltr'>domiciliis</span> <span class='ocrx_word' id='word_1_34' title='bbox 504 578 550 612; x_wconf 89' lang='lat' dir='ltr'>ut</span> <span class='ocrx_word' id='word_1_35' title='bbox 590 574 787 613; x_wconf 76' lang='lat' dir='ltr'>Germani</span> <span class='ocrx_word' id='word_1_36' title='bbox 826 578 963 622; x_wconf 78' lang='lat' dir='ltr'>agunt.</span> <span class='ocrx_word' id='word_1_37' title='bbox 1038 573 1184 611; x_wconf 75' lang='lat' dir='ltr'>Sordes</span> <span class='ocrx_word' id='word_1_38' title='bbox 1223 573 1406 611; x_wconf 84' lang='lat' dir='ltr'>omnium</span> <span class='ocrx_word' id='word_1_39' title='bbox 1445 587 1490 612; x_wconf 88' lang='lat' dir='ltr'>ac</span> 
     </span>
     <span class='ocr_line' id='line_1_7' title="bbox 158 643 1526 694; baseline -0.001 -12"><span class='ocrx_word' id='word_1_40' title='bbox 158 648 298 694; x_wconf 86' lang='lat' dir='ltr'>torpor</span> <span class='ocrx_word' id='word_1_41' title='bbox 318 657 543 694; x_wconf 86' lang='lat' dir='ltr'>procerum.</span> <span class='ocrx_word' id='word_1_42' title='bbox 604 644 800 682; x_wconf 88' lang='lat' dir='ltr'>Conubiis</span> <span class='ocrx_word' id='word_1_43' title='bbox 828 643 971 681; x_wconf 79' lang='lat' dir='ltr'>mixtis</span> <span class='ocrx_word' id='word_1_44' title='bbox 999 643 1190 680; x_wconf 87' lang='lat' dir='ltr'>nonnihil</span> <span class='ocrx_word' id='word_1_45' title='bbox 1220 643 1264 680; x_wconf 90' lang='lat' dir='ltr'>in</span> <span class='ocrx_word' id='word_1_46' title='bbox 1288 643 1490 682; x_wconf 82' lang='lat' dir='ltr'>Sarmata-</span> <span class='ocrx_word' id='word_1_47' title='bbox 1507 652 1526 680; x_wconf 90' lang='lat'>5</span> 
     </span>
     <span class='ocr_line' id='line_1_8' title="bbox 157 713 1489 761; baseline 0.001 -10"><span class='ocrx_word' id='word_1_48' title='bbox 157 727 247 751; x_wconf 91' lang='lat' dir='ltr'>rum</span> <span class='ocrx_word' id='word_1_49' title='bbox 295 714 484 752; x_wconf 84' lang='lat' dir='ltr'>habitum</span> <span class='ocrx_word' id='word_1_50' title='bbox 532 714 764 761; x_wconf 73' lang='lat' dir='ltr'>foedantur,</span> <span class='ocrx_word' id='word_1_51' title='bbox 799 713 957 751; x_wconf 79' lang='lat' dir='ltr'>Venedi</span> <span class='ocrx_word' id='word_1_52' title='bbox 1002 713 1178 751; x_wconf 87' lang='lat' dir='ltr'>multum</span> <span class='ocrx_word' id='word_1_53' title='bbox 1218 726 1268 751; x_wconf 78' lang='lat' dir='ltr'>ex</span> <span class='ocrx_word' id='word_1_54' title='bbox 1306 713 1489 752; x_wconf 85' lang='lat' dir='ltr'>moribus</span> 
     </span>
     <span class='ocr_line' id='line_1_9' title="bbox 157 783 1490 834; baseline -0.001 -13"><span class='ocrx_word' id='word_1_55' title='bbox 157 788 384 821; x_wconf 80' lang='lat' dir='ltr'>traxerunt.</span> <span class='ocrx_word' id='word_1_56' title='bbox 443 785 550 821; x_wconf 88' lang='lat' dir='ltr'>Nam</span> <span class='ocrx_word' id='word_1_57' title='bbox 574 784 779 834; x_wconf 86' lang='lat' dir='ltr'>quidquid</span> <span class='ocrx_word' id='word_1_58' title='bbox 800 783 908 821; x_wconf 83' lang='lat' dir='ltr'>inter</span> <span class='ocrx_word' id='word_1_59' title='bbox 928 783 1132 821; x_wconf 81' lang='lat' dir='ltr'>Peucinos</span> <span class='ocrx_word' id='word_1_60' title='bbox 1153 784 1400 833; x_wconf 79' lang='lat' dir='ltr'>Fennosque</span> <span class='ocrx_word' id='word_1_61' title='bbox 1423 783 1490 821; x_wconf 90' lang='lat' dir='ltr'>sil-</span> 
     </span>
     <span class='ocr_line' id='line_1_10' title="bbox 157 853 1489 903; baseline -0.001 -12"><span class='ocrx_word' id='word_1_62' title='bbox 157 867 300 892; x_wconf 82' lang='lat' dir='ltr'>varum</span> <span class='ocrx_word' id='word_1_63' title='bbox 335 867 380 891; x_wconf 87' lang='lat' dir='ltr'>ac</span> <span class='ocrx_word' id='word_1_64' title='bbox 419 854 622 891; x_wconf 84' lang='lat' dir='ltr'>montium</span> <span class='ocrx_word' id='word_1_65' title='bbox 661 854 834 902; x_wconf 76' lang='lat' dir='ltr'>erigitur</span> <span class='ocrx_word' id='word_1_66' title='bbox 867 853 1097 891; x_wconf 89' lang='lat' dir='ltr'>latrociniis</span> <span class='ocrx_word' id='word_1_67' title='bbox 1134 857 1358 903; x_wconf 74' lang='lat' dir='ltr'>pererrant.</span> <span class='ocrx_word' id='word_1_68' title='bbox 1428 854 1489 890; x_wconf 86' lang='lat' dir='ltr'>Hi</span> 
     </span>
     <span class='ocr_line' id='line_1_11' title="bbox 156 923 1487 974; baseline -0.001 -13"><span class='ocrx_word' id='word_1_69' title='bbox 156 928 294 962; x_wconf 87' lang='lat' dir='ltr'>tamen</span> <span class='ocrx_word' id='word_1_70' title='bbox 315 924 423 961; x_wconf 88' lang='lat' dir='ltr'>inter</span> <span class='ocrx_word' id='word_1_71' title='bbox 449 925 676 962; x_wconf 83' lang='lat' dir='ltr'>Germanos</span> <span class='ocrx_word' id='word_1_72' title='bbox 706 924 845 974; x_wconf 88' lang='lat' dir='ltr'>potius</span> <span class='ocrx_word' id='word_1_73' title='bbox 867 924 1118 970; x_wconf 78' lang='lat' dir='ltr'>referuntur,</span> <span class='ocrx_word' id='word_1_74' title='bbox 1149 923 1248 972; x_wconf 89' lang='lat' dir='ltr'>quia</span> <span class='ocrx_word' id='word_1_75' title='bbox 1276 927 1317 960; x_wconf 88' lang='lat' dir='ltr'>et</span> <span class='ocrx_word' id='word_1_76' title='bbox 1346 923 1487 961; x_wconf 87' lang='lat' dir='ltr'>domos</span> 
     </span>
     <span class='ocr_line' id='line_1_12' title="bbox 155 992 1544 1043; baseline -0.001 -13"><span class='ocrx_word' id='word_1_77' title='bbox 155 993 289 1042; x_wconf 80' lang='lat' dir='ltr'>figunt</span> <span class='ocrx_word' id='word_1_78' title='bbox 310 998 351 1032; x_wconf 89' lang='lat' dir='ltr'>et</span> <span class='ocrx_word' id='word_1_79' title='bbox 371 998 487 1032; x_wconf 85' lang='lat' dir='ltr'>scuta</span> <span class='ocrx_word' id='word_1_80' title='bbox 513 997 677 1043; x_wconf 79' lang='lat' dir='ltr'>gestant</span> <span class='ocrx_word' id='word_1_81' title='bbox 707 998 747 1031; x_wconf 91' lang='lat' dir='ltr'>et</span> <span class='ocrx_word' id='word_1_82' title='bbox 776 994 925 1043; x_wconf 89' lang='lat' dir='ltr'>pedum</span> <span class='ocrx_word' id='word_1_83' title='bbox 947 1006 1024 1031; x_wconf 88' lang='lat' dir='ltr'>usu</span> <span class='ocrx_word' id='word_1_84' title='bbox 1054 1005 1100 1030; x_wconf 83' lang='lat' dir='ltr'>ae</span> <span class='ocrx_word' id='word_1_85' title='bbox 1129 992 1374 1042; x_wconf 70' lang='lat' dir='ltr'>pernicitate</span> <span class='ocrx_word' id='word_1_86' title='bbox 1396 1005 1488 1041; x_wconf 87' lang='lat' dir='ltr'>gau-</span> <span class='ocrx_word' id='word_1_87' title='bbox 1507 999 1544 1028; x_wconf 92' lang='lat'>10</span> 
     </span>
     <span class='ocr_line' id='line_1_13' title="bbox 156 1062 1488 1114; baseline -0.002 -13"><span class='ocrx_word' id='word_1_88' title='bbox 156 1064 276 1101; x_wconf 87' lang='lat' dir='ltr'>dent:</span> <span class='ocrx_word' id='word_1_89' title='bbox 327 1076 430 1114; x_wconf 86' lang='lat' dir='ltr'>quae</span> <span class='ocrx_word' id='word_1_90' title='bbox 469 1064 607 1101; x_wconf 88' lang='lat' dir='ltr'>omnia</span> <span class='ocrx_word' id='word_1_91' title='bbox 645 1064 809 1102; x_wconf 82' lang='lat' dir='ltr'>diversa</span> <span class='ocrx_word' id='word_1_92' title='bbox 849 1063 1048 1101; x_wconf 76' lang='lat' dir='ltr'>Sarmatis</span> <span class='ocrx_word' id='word_1_93' title='bbox 1089 1066 1185 1100; x_wconf 89' lang='lat' dir='ltr'>sunt</span> <span class='ocrx_word' id='word_1_94' title='bbox 1223 1063 1265 1099; x_wconf 90' lang='lat' dir='ltr'>in</span> <span class='ocrx_word' id='word_1_95' title='bbox 1302 1062 1488 1112; x_wconf 89' lang='lat' dir='ltr'>plaustro</span> 
     </span>
     <span class='ocr_line' id='line_1_14' title="bbox 155 1132 1488 1183; baseline -0.002 -12"><span class='ocrx_word' id='word_1_96' title='bbox 155 1146 343 1183; x_wconf 81' lang='lat' dir='ltr'>equoque</span> <span class='ocrx_word' id='word_1_97' title='bbox 365 1134 613 1171; x_wconf 80' lang='lat' dir='ltr'>viventibus.</span> <span class='ocrx_word' id='word_1_98' title='bbox 672 1133 828 1171; x_wconf 84' lang='lat' dir='ltr'>Fennis</span> <span class='ocrx_word' id='word_1_99' title='bbox 859 1133 963 1170; x_wconf 87' lang='lat' dir='ltr'>mira</span> <span class='ocrx_word' id='word_1_100' title='bbox 986 1133 1145 1180; x_wconf 78' lang='lat' dir='ltr'>feritas,</span> <span class='ocrx_word' id='word_1_101' title='bbox 1167 1132 1290 1170; x_wconf 81' lang='lat' dir='ltr'>foeda</span> <span class='ocrx_word' id='word_1_102' title='bbox 1318 1145 1488 1182; x_wconf 79' lang='lat' dir='ltr'>pauper-</span> 
     </span>
     <span class='ocr_line' id='line_1_15' title="bbox 155 1202 1484 1253; baseline -0.002 -12"><span class='ocrx_word' id='word_1_103' title='bbox 155 1208 241 1242; x_wconf 92' lang='lat' dir='ltr'>tas:</span> <span class='ocrx_word' id='word_1_104' title='bbox 283 1217 365 1241; x_wconf 91' lang='lat' dir='ltr'>non</span> <span class='ocrx_word' id='word_1_105' title='bbox 402 1217 526 1251; x_wconf 62' lang='lat' dir='ltr'>arana,</span> <span class='ocrx_word' id='word_1_106' title='bbox 562 1216 641 1241; x_wconf 91' lang='lat' dir='ltr'>non</span> <span class='ocrx_word' id='word_1_107' title='bbox 683 1203 790 1253; x_wconf 82' lang='lat' dir='ltr'>equi,</span> <span class='ocrx_word' id='word_1_108' title='bbox 825 1216 908 1241; x_wconf 89' lang='lat' dir='ltr'>non</span> <span class='ocrx_word' id='word_1_109' title='bbox 945 1207 1137 1252; x_wconf 80' lang='lat' dir='ltr'>penates3</span> <span class='ocrx_word' id='word_1_110' title='bbox 1182 1202 1311 1240; x_wconf 83' lang='lat' dir='ltr'>victui</span> <span class='ocrx_word' id='word_1_111' title='bbox 1345 1202 1484 1250; x_wconf 83' lang='lat' dir='ltr'>herba,</span> 
     </span>
     <span class='ocr_line' id='line_1_16' title="bbox 155 1272 1484 1323; baseline -0.001 -12"><span class='ocrx_word' id='word_1_112' title='bbox 155 1274 327 1311; x_wconf 82' lang='lat' dir='ltr'>vestitui</span> <span class='ocrx_word' id='word_1_113' title='bbox 349 1274 489 1323; x_wconf 81' lang='lat' dir='ltr'>pelles,</span> <span class='ocrx_word' id='word_1_114' title='bbox 513 1273 645 1311; x_wconf 86' lang='lat' dir='ltr'>cubile</span> <span class='ocrx_word' id='word_1_115' title='bbox 667 1273 837 1311; x_wconf 88' lang='lat' dir='ltr'>humus:</span> <span class='ocrx_word' id='word_1_116' title='bbox 871 1273 980 1311; x_wconf 87' lang='lat' dir='ltr'>solae</span> <span class='ocrx_word' id='word_1_117' title='bbox 1006 1272 1049 1309; x_wconf 87' lang='lat' dir='ltr'>in</span> <span class='ocrx_word' id='word_1_118' title='bbox 1075 1272 1239 1321; x_wconf 82' lang='lat' dir='ltr'>sagittis</span> <span class='ocrx_word' id='word_1_119' title='bbox 1261 1284 1357 1322; x_wconf 84' lang='lat' dir='ltr'>opes</span> <span class='ocrx_word' id='word_1_120' title='bbox 1383 1285 1484 1322; x_wconf 89' lang='lat' dir='ltr'>quas</span> 
     </span>
     <span class='ocr_line' id='line_1_17' title="bbox 155 1342 1541 1393; baseline -0.001 -13"><span class='ocrx_word' id='word_1_121' title='bbox 155 1343 295 1393; x_wconf 85' lang='lat' dir='ltr'>inopia</span> <span class='ocrx_word' id='word_1_122' title='bbox 328 1344 429 1380; x_wconf 79' lang='lat' dir='ltr'>ferri</span> <span class='ocrx_word' id='word_1_123' title='bbox 464 1343 624 1381; x_wconf 86' lang='lat' dir='ltr'>ossibus</span> <span class='ocrx_word' id='word_1_124' title='bbox 659 1347 863 1393; x_wconf 83' lang='lat' dir='ltr'>asperant.</span> <span class='ocrx_word' id='word_1_125' title='bbox 935 1343 1135 1392; x_wconf 85' lang='lat' dir='ltr'>Idemque</span> <span class='ocrx_word' id='word_1_126' title='bbox 1165 1345 1339 1380; x_wconf 80' lang='lat' dir='ltr'>venatus</span> <span class='ocrx_word' id='word_1_127' title='bbox 1374 1342 1484 1380; x_wconf 88' lang='lat' dir='ltr'>viros</span> <span class='ocrx_word' id='word_1_128' title='bbox 1505 1350 1541 1379; x_wconf 86' lang='lat'>15</span> 
     </span>
     <span class='ocr_line' id='line_1_18' title="bbox 155 1412 1486 1462; baseline -0.001 -12"><span class='ocrx_word' id='word_1_129' title='bbox 155 1413 310 1462; x_wconf 88' lang='lat' dir='ltr'>pariter</span> <span class='ocrx_word' id='word_1_130' title='bbox 345 1426 388 1451; x_wconf 84' lang='lat' dir='ltr'>ae</span> <span class='ocrx_word' id='word_1_131' title='bbox 424 1413 600 1451; x_wconf 80' lang='lat' dir='ltr'>feminas</span> <span class='ocrx_word' id='word_1_132' title='bbox 631 1413 728 1460; x_wconf 86' lang='lat' dir='ltr'>alit;</span> <span class='ocrx_word' id='word_1_133' title='bbox 768 1412 923 1462; x_wconf 85' lang='lat' dir='ltr'>passim</span> <span class='ocrx_word' id='word_1_134' title='bbox 962 1412 1071 1450; x_wconf 89' lang='lat' dir='ltr'>enim</span> <span class='ocrx_word' id='word_1_135' title='bbox 1109 1412 1360 1449; x_wconf 80' lang='lat' dir='ltr'>comitantur</span> <span class='ocrx_word' id='word_1_136' title='bbox 1398 1424 1486 1461; x_wconf 86' lang='lat' dir='ltr'>par-</span> 
     </span>
     <span class='ocr_line' id='line_1_19' title="bbox 154 1481 1485 1532; baseline 0 -13"><span class='ocrx_word' id='word_1_137' title='bbox 154 1487 319 1532; x_wconf 85' lang='lat' dir='ltr'>temque</span> <span class='ocrx_word' id='word_1_138' title='bbox 348 1483 522 1532; x_wconf 76' lang='lat' dir='ltr'>praedae</span> <span class='ocrx_word' id='word_1_139' title='bbox 552 1487 709 1532; x_wconf 89' lang='lat' dir='ltr'>petunt.</span> <span class='ocrx_word' id='word_1_140' title='bbox 777 1483 817 1520; x_wconf 86' lang='lat' dir='ltr'>N</span> <span class='ocrx_word' id='word_1_141' title='bbox 822 1495 866 1519; x_wconf 85' lang='lat' dir='ltr'>ec</span> <span class='ocrx_word' id='word_1_142' title='bbox 896 1482 1010 1520; x_wconf 86' lang='lat' dir='ltr'>aliud</span> <span class='ocrx_word' id='word_1_143' title='bbox 1039 1481 1271 1520; x_wconf 81' lang='lat' dir='ltr'>infantibus</span> <span class='ocrx_word' id='word_1_144' title='bbox 1301 1481 1485 1519; x_wconf 85' lang='lat' dir='ltr'>ferarum</span> 
     </span>
     <span class='ocr_line' id='line_1_20' title="bbox 154 1551 1485 1602; baseline -0.001 -13"><span class='ocrx_word' id='word_1_145' title='bbox 154 1552 427 1602; x_wconf 86' lang='lat' dir='ltr'>imbriumque</span> <span class='ocrx_word' id='word_1_146' title='bbox 450 1553 670 1601; x_wconf 76' lang='lat' dir='ltr'>suffugium</span> <span class='ocrx_word' id='word_1_147' title='bbox 696 1565 818 1602; x_wconf 88' lang='lat' dir='ltr'>quam</span> <span class='ocrx_word' id='word_1_148' title='bbox 839 1556 885 1589; x_wconf 90' lang='lat' dir='ltr'>ut</span> <span class='ocrx_word' id='word_1_149' title='bbox 905 1552 947 1589; x_wconf 85' lang='lat' dir='ltr'>in</span> <span class='ocrx_word' id='word_1_150' title='bbox 971 1551 1110 1601; x_wconf 85' lang='lat' dir='ltr'>aliquo</span> <span class='ocrx_word' id='word_1_151' title='bbox 1139 1564 1346 1589; x_wconf 86' lang='lat' dir='ltr'>ramorum</span> <span class='ocrx_word' id='word_1_152' title='bbox 1375 1563 1485 1588; x_wconf 84' lang='lat' dir='ltr'>nexu</span> 
     </span>
     <span class='ocr_line' id='line_1_21' title="bbox 134 1622 1485 1671; baseline -0.001 -11"><span class='ocrx_word' id='word_1_153' title='bbox 134 1625 446 1671; x_wconf 64' lang='lat' dir='ltr'>contegantur:</span> <span class='ocrx_word' id='word_1_154' title='bbox 496 1623 575 1660; x_wconf 91' lang='lat' dir='ltr'>huc</span> <span class='ocrx_word' id='word_1_155' title='bbox 609 1623 783 1660; x_wconf 86' lang='lat' dir='ltr'>redeunt</span> <span class='ocrx_word' id='word_1_156' title='bbox 812 1622 995 1669; x_wconf 81' lang='lat' dir='ltr'>iuvenes,</span> <span class='ocrx_word' id='word_1_157' title='bbox 1026 1622 1102 1659; x_wconf 87' lang='lat' dir='ltr'>hoc</span> <span class='ocrx_word' id='word_1_158' title='bbox 1132 1633 1276 1659; x_wconf 87' lang='lat' dir='ltr'>senum</span> <span class='ocrx_word' id='word_1_159' title='bbox 1306 1624 1485 1670; x_wconf 86' lang='lat' dir='ltr'>recepta-</span> 
     </span>
     <span class='ocr_line' id='line_1_22' title="bbox 153 1691 1540 1741; baseline 0.001 -12"><span class='ocrx_word' id='word_1_160' title='bbox 153 1692 301 1730; x_wconf 90' lang='lat' dir='ltr'>culum.</span> <span class='ocrx_word' id='word_1_161' title='bbox 365 1693 444 1730; x_wconf 77' lang='lat' dir='ltr'>Sed</span> <span class='ocrx_word' id='word_1_162' title='bbox 477 1693 638 1731; x_wconf 87' lang='lat' dir='ltr'>beatius</span> <span class='ocrx_word' id='word_1_163' title='bbox 673 1692 927 1730; x_wconf 84' lang='lat' dir='ltr'>arbitrantur</span> <span class='ocrx_word' id='word_1_164' title='bbox 961 1704 1085 1741; x_wconf 90' lang='lat' dir='ltr'>quam</span> <span class='ocrx_word' id='word_1_165' title='bbox 1119 1691 1326 1739; x_wconf 84' lang='lat' dir='ltr'>ingemere</span> <span class='ocrx_word' id='word_1_166' title='bbox 1360 1691 1482 1739; x_wconf 80' lang='lat' dir='ltr'>agris⁷</span> <span class='ocrx_word' id='word_1_167' title='bbox 1502 1701 1540 1730; x_wconf 87' lang='lat'>20</span> 
     </span>
     <span class='ocr_line' id='line_1_23' title="bbox 152 1759 1483 1811; baseline -0.001 -12"><span class='ocrx_word' id='word_1_168' title='bbox 152 1761 383 1800; x_wconf 80' lang='lat' dir='ltr'>inlaborare</span> <span class='ocrx_word' id='word_1_169' title='bbox 404 1763 605 1807; x_wconf 79' lang='lat' dir='ltr'>domibus,</span> <span class='ocrx_word' id='word_1_170' title='bbox 625 1775 718 1801; x_wconf 86' lang='lat' dir='ltr'>suas</span> <span class='ocrx_word' id='word_1_171' title='bbox 736 1759 976 1811; x_wconf 79' lang='lat' dir='ltr'>alienasque</span> <span class='ocrx_word' id='word_1_172' title='bbox 992 1762 1182 1799; x_wconf 81' lang='lat' dir='ltr'>fortunas</span> <span class='ocrx_word' id='word_1_173' title='bbox 1201 1773 1272 1810; x_wconf 87' lang='lat' dir='ltr'>spe</span> <span class='ocrx_word' id='word_1_174' title='bbox 1288 1765 1483 1810; x_wconf 89' lang='lat' dir='ltr'>metuque</span> 
     </span>
     <span class='ocr_line' id='line_1_24' title="bbox 152 1831 1482 1880; baseline 0 -10"><span class='ocrx_word' id='word_1_175' title='bbox 152 1844 333 1870; x_wconf 86' lang='lat' dir='ltr'>versare:</span> <span class='ocrx_word' id='word_1_176' title='bbox 375 1833 507 1870; x_wconf 86' lang='lat' dir='ltr'>securi</span> <span class='ocrx_word' id='word_1_177' title='bbox 538 1833 734 1871; x_wconf 83' lang='lat' dir='ltr'>adversus</span> <span class='ocrx_word' id='word_1_178' title='bbox 764 1833 964 1880; x_wconf 74' lang='lat' dir='ltr'>homines,</span> <span class='ocrx_word' id='word_1_179' title='bbox 996 1832 1128 1870; x_wconf 86' lang='lat' dir='ltr'>securi</span> <span class='ocrx_word' id='word_1_180' title='bbox 1163 1832 1362 1870; x_wconf 82' lang='lat' dir='ltr'>adversus</span> <span class='ocrx_word' id='word_1_181' title='bbox 1385 1831 1482 1870; x_wconf 88' lang='lat' dir='ltr'>deos</span> 
     </span>
     <span class='ocr_line' id='line_1_25' title="bbox 151 1901 1483 1951; baseline -0.001 -12"><span class='ocrx_word' id='word_1_182' title='bbox 151 1915 236 1939; x_wconf 85' lang='lat' dir='ltr'>rem</span> <span class='ocrx_word' id='word_1_183' title='bbox 267 1902 554 1940; x_wconf 87' lang='lat' dir='ltr'>difficillimam</span> <span class='ocrx_word' id='word_1_184' title='bbox 583 1903 767 1941; x_wconf 85' lang='lat' dir='ltr'>adsecuti</span> <span class='ocrx_word' id='word_1_185' title='bbox 799 1907 906 1950; x_wconf 78' lang='lat' dir='ltr'>sunt,</span> <span class='ocrx_word' id='word_1_186' title='bbox 928 1906 974 1940; x_wconf 87' lang='lat' dir='ltr'>ut</span> <span class='ocrx_word' id='word_1_187' title='bbox 996 1902 1080 1940; x_wconf 88' lang='lat' dir='ltr'>illis</span> <span class='ocrx_word' id='word_1_188' title='bbox 1110 1914 1160 1939; x_wconf 92' lang='lat' dir='ltr'>ne</span> <span class='ocrx_word' id='word_1_189' title='bbox 1190 1905 1286 1939; x_wconf 91' lang='lat' dir='ltr'>voto</span> <span class='ocrx_word' id='word_1_190' title='bbox 1315 1901 1483 1951; x_wconf 88' lang='lat' dir='ltr'>quidem</span> 
     </span>
     <span class='ocr_line' id='line_1_26' title="bbox 151 1967 1484 2021; baseline -0.001 -13"><span class='ocrx_word' id='word_1_191' title='bbox 151 1984 253 2021; x_wconf 84' lang='lat' dir='ltr'>opus</span> <span class='ocrx_word' id='word_1_192' title='bbox 284 1976 402 2009; x_wconf 84' lang='lat' dir='ltr'>esset.</span> <span class='ocrx_word' id='word_1_193' title='bbox 451 1972 595 2010; x_wconf 89' lang='lat' dir='ltr'>Cetera</span> <span class='ocrx_word' id='word_1_194' title='bbox 620 1970 700 2007; x_wconf 86' lang='lat' dir='ltr'>iam</span> <span class='ocrx_word' id='word_1_195' title='bbox 727 1969 937 2008; x_wconf 79' lang='lat' dir='ltr'>fabulosa:</span> <span class='ocrx_word' id='word_1_196' title='bbox 970 1967 1186 2006; x_wconf 85' lang='lat' dir='ltr'>Hellusios</span> <span class='ocrx_word' id='word_1_197' title='bbox 1212 1972 1252 2006; x_wconf 89' lang='lat' dir='ltr'>et</span> <span class='ocrx_word' id='word_1_198' title='bbox 1273 1969 1484 2014; x_wconf 79' lang='lat' dir='ltr'>†Oxionas</span> 
     </span>
     <span class='ocr_line' id='line_1_27' title="bbox 151 2038 1538 2089; baseline -0.001 -11"><span class='ocrx_word' id='word_1_199' title='bbox 151 2054 221 2078; x_wconf 86' lang='lat' dir='ltr'>ora</span> <span class='ocrx_word' id='word_1_200' title='bbox 258 2041 472 2078; x_wconf 86' lang='lat' dir='ltr'>hominum</span> <span class='ocrx_word' id='word_1_201' title='bbox 506 2041 738 2089; x_wconf 75' lang='lat' dir='ltr'>voltusque,</span> <span class='ocrx_word' id='word_1_202' title='bbox 774 2052 944 2089; x_wconf 86' lang='lat' dir='ltr'>corpora</span> <span class='ocrx_word' id='word_1_203' title='bbox 982 2043 1105 2088; x_wconf 89' lang='lat' dir='ltr'>atque</span> <span class='ocrx_word' id='word_1_204' title='bbox 1144 2042 1259 2076; x_wconf 88' lang='lat' dir='ltr'>artus</span> <span class='ocrx_word' id='word_1_205' title='bbox 1298 2038 1481 2075; x_wconf 82' lang='lat' dir='ltr'>ferarum</span> <span class='ocrx_word' id='word_1_206' title='bbox 1500 2049 1538 2077; x_wconf 83' lang='lat'>25</span> 
     </span>
     <span class='ocr_line' id='line_1_28' title="bbox 151 2107 1460 2160; baseline -0.003 -12"><span class='ocrx_word' id='word_1_207' title='bbox 151 2123 307 2158; x_wconf 85' lang='lat' dir='ltr'>gerere:</span> <span class='ocrx_word' id='word_1_208' title='bbox 339 2111 450 2160; x_wconf 89' lang='lat' dir='ltr'>quod</span> <span class='ocrx_word' id='word_1_209' title='bbox 470 2123 543 2159; x_wconf 82' lang='lat' dir='ltr'>ego</span> <span class='ocrx_word' id='word_1_210' title='bbox 564 2114 609 2148; x_wconf 89' lang='lat' dir='ltr'>ut</span> <span class='ocrx_word' id='word_1_211' title='bbox 629 2110 930 2160; x_wconf 86' lang='lat' dir='ltr'>incompertum</span> <span class='ocrx_word' id='word_1_212' title='bbox 950 2109 992 2145; x_wconf 89' lang='lat' dir='ltr'>in</span> <span class='ocrx_word' id='word_1_213' title='bbox 1014 2108 1196 2146; x_wconf 83' lang='lat' dir='ltr'>medium</span> <span class='ocrx_word' id='word_1_214' title='bbox 1217 2107 1460 2157; x_wconf 87' lang='lat' dir='ltr'>relinquam.</span> 
     </span>
    </p>
   </div>
  </div>
 </body>
</html>
