1747 2764
725 110 986 160 AGRiooLA.
1471 122 1520 162 31

190 246 377 286 adsidere
398 245 642 293 valetudini,
665 245 804 282 fovere
827 243 1099 291 deficientem,
1118 243 1261 281 satiari
1282 243 1402 281 vultu
1422 255 1525 282 com-

189 317 396 368 plexuque
439 329 522 353 non
561 315 747 363 contigit.
819 313 1138 364 Excepissemus
1177 318 1287 351 certe
1327 314 1524 352 mandata

189 399 402 437 vocesque,
433 398 535 436 quas
576 385 744 435 penitus
784 384 921 423 animo
962 384 1192 433 figeremus.
1268 384 1422 421 Noster
1455 384 1522 421 hic

189 457 316 505 dolor,
347 460 534 495 nostrum
561 455 725 503 vulnus,
758 455 876 493 nobis
906 458 991 492 tam
1022 454 1166 502 longae
1197 453 1409 492 absentiae
1433 466 1524 491 con-

189 527 349 565 dicione
387 530 483 564 ante
522 525 843 576 quadriennium
881 524 1057 563 amissus
1096 527 1168 562 est.
1246 523 1395 562 Omnia
1434 523 1559 562 sine5

189 597 324 638 dubio,
360 597 514 646 optime
552 600 782 646 parentum,
819 595 1035 633 adsidente
1079 593 1367 632 amantissima
1396 606 1522 632 uxore

189 667 429 717 superfuere
453 666 600 704 honori
627 670 720 703 tuo:
761 665 1024 715 paucioribus
1052 668 1192 702 tamen
1216 664 1398 702 lacrimis
1420 676 1522 701 com—

188 736 373 786 ploratus
404 748 446 775 es
489 740 531 774 et
563 735 791 774 novissima
824 735 869 772 in
908 734 999 773 luce
1037 734 1322 772 desideravere
1363 733 1521 783 aliquid

188 806 296 845 oculi
315 806 389 844 tui.

240 875 304 915 46.
347 876 391 914 Si
421 876 513 926 quis
543 876 707 926 piorum
736 875 926 913 manibus
957 875 1082 922 100113,
1108 875 1155 922 31,
1186 878 1233 912 ut
1263 874 1521 924 sapientibus
1542 884 1578 913 10

188 946 336 997 placet,
374 958 457 983 11011
491 958 583 983 011111
617 957 785 995 corpore
815 945 1115 993 extinguuntur
1144 956 1317 993 magnae
1347 944 1520 993 animae,

188 1016 350 1066 placide
379 1016 578 1066 quiescas,
604 1028 761 1066 nosque
788 1019 830 1053 et
856 1015 1023 1053 domum
1053 1018 1168 1052 tuam
1197 1014 1247 1052 ab
1274 1014 1437 1052 infirmo
1459 1015 1523 1052 de-

189 1086 341 1124 siderio
371 1090 412 1124 et
440 1086 710 1124 muliebribus
740 1085 935 1124 lamentis
960 1085 1011 1123 ad
1034 1084 1425 1135 contemplationem
1446 1085 1523 1122 vir-

188 1160 325 1194 tutum
348 1160 514 1194 tuarum
538 1168 670 1209 voces,
693 1168 795 1206 quas
821 1167 954 1205 neque
980 1155 1113 1205 lugeri
1137 1167 1269 1204 neque
1295 1154 1437 1205 plangi
1456 1155 1522 1193 fas

188 1230 261 1264 est.
319 1226 609 1265 Admiratione
636 1226 777 1276 potius
803 1229 844 1264 et
869 1225 1162 1263 inmortalibus
1189 1225 1380 1263 laudibus
1408 1228 1461 1273 et,
1487 1224 1522 1263 si
1541 1233 1577 1261 15

188 1300 338 1335 natura
384 1296 633 1346 suppeditet,
674 1295 952 1334 similitudine
989 1299 1031 1333 te
1070 1295 1276 1333 colamus:
1326 1295 1361 1333 is
1400 1307 1521 1334 verus

188 1366 331 1415 honos,
353 1379 401 1405 ea
421 1366 751 1405 coniunctissimi
775 1366 974 1416 cuiusque
1002 1365 1148 1415 pietas.
1207 1365 1258 1403 Id
1287 1364 1398 1403 filiae
1428 1377 1522 1415 quo-

190 1449 269 1486 que
297 1436 498 1486 uxorique
527 1436 819 1486 praeceperim,
848 1435 906 1474 sic
940 1435 1083 1485 patris,
1110 1435 1168 1474 310
1202 1434 1341 1473 mariti
1376 1447 1523 1473 memo-

189 1506 292 1544 riam
331 1506 531 1554 venerari‚
570 1509 618 1544 ut
664 1506 802 1544 onmia
848 1505 961 1544 facta
1008 1505 1201 1554 dictaque
1249 1505 1337 1543 eius
1385 1517 1522 1543 secum

189 1576 416 1625 revolvant,
456 1577 714 1626 formamque
753 1588 799 1614 ac
839 1575 1015 1624 figuram
1057 1575 1185 1613 animi
1225 1575 1357 1623 magis
1398 1587 1522 1625 quam
1540 1584 1578 1613 20

189 1646 371 1696 corporis
400 1646 740 1696 complectantur,
771 1658 853 1683 non
883 1645 981 1695 quia
1010 1645 1349 1683 intercedendum
1379 1649 1521 1694 putem

189 1716 439 1765 imaginibus
474 1729 578 1765 quae
619 1728 821 1754 marmore
858 1719 930 1753 aut
959 1727 1051 1753 aere
1090 1714 1317 1763 finguntur,
1358 1715 1441 1759 sed,
1476 1719 1522 1752 ut

189 1786 330 1824 vultus
356 1786 582 1834 hominum,
611 1785 671 1824 ita
698 1785 919 1824 simulacra
944 1772 1086 1823 vultus
1116 1784 1325 1823 imbecilla
1349 1797 1394 1822 ac
1421 1797 1523 1822 mor-

190 1855 292 1894 talia
321 1855 428 1903 sunt,
453 1855 589 1894 forma
617 1855 768 1893 mentis
798 1860 976 1903 aeterna,
999 1867 1123 1905 quam
1152 1859 1291 1892 tenere
1321 1858 1363 1892 et
1392 1855 1523 1904 expri-

190 1937 299 1963 mere
326 1938 407 1963 non
434 1938 507 1975 per
533 1925 712 1963 alienam
737 1925 953 1963 materiam
979 1929 1020 1963 et
1047 1929 1189 1967 arteni,
1219 1925 1290 1963 sed
1320 1924 1403 1962 tuis
1433 1924 1522 1974 ipse
1541 1932 1578 1960 25

189 1995 371 2034 moribus
396 1995 540 2045 possis.
599 1995 814 2045 Quidquid
838 2007 888 2032 ex
915 1994 1111 2043 Agricola
1137 1995 1379 2042 amavimus,
1408 1994 1523 2043 quid-

190 2053 295 2114 quid
319 2064 459 2103 mirati
489 2077 641 2112 sumus,
672 2068 812 2102 manet
841 2076 1163 2114 mansurumque
1194 2068 1256 2102 est
1287 2064 1331 2101 in
1371 2064 1522 2102 animis

190 2133 414 2182 hominum,
454 2134 497 2172 in
544 2134 791 2172 aeternitate
838 2138 1082 2184 temporum,
1123 2134 1166 2171 in
1213 2134 1327 2172 fama
1372 2146 1519 2171 rerum.

190 2204 300 2241 Nam
321 2203 473 2242 multos
499 2208 684 2242 veterum
711 2204 825 2242 velut
852 2203 1050 2253 inglorios
1079 2208 1119 2241 et
1149 2203 1343 2252 ignobilis
1368 2202 1522 2241 oblivio

191 2273 349 2311 obruit:
382 2273 577 2323 Agricola
608 2273 846 2323 posteritati
877 2278 1068 2312 narratus
1103 2277 1144 2311 et
1178 2273 1358 2311 traditus
1386 2285 1523 2323 super·
1541 2283 1578 2312 30

192 2346 276 2381 stes
305 2343 394 2381 erit.
