1747 2764
638 142 910 174 GERMANIA.
1384 137 1438 180 45

106 269 179 307 per
205 257 409 296 familiam
438 257 692 305 ministeriis,
714 261 911 295 utuntur:
944 270 1059 295 suam
1088 258 1262 308 quisque
1288 260 1438 308 sedem,

107 340 200 365 suos
224 332 395 377 penates
420 327 536 376 regit.
617 328 833 365 Frumenti
861 328 1025 365 modum
1055 328 1247 367 dominus
1275 333 1347 367 aut
1376 342 1440 379 pe-

106 397 210 436 coris
241 402 312 435 aut
346 398 474 435 vestis
508 401 556 435 ut
585 397 728 435 colono
760 398 953 447 iniungit,
990 402 1030 435 et
1067 411 1208 436 servus
1240 399 1439 438 hactenus

106 471 243 517 paret:
275 471 411 505 cetera
440 468 585 505 domus
616 467 748 505 officia
776 480 879 505 uxor
909 480 954 506 ac
984 468 1105 506 liberi
1141 473 1436 518 exsequuntur.

106 537 331 576 Verberare
361 550 526 575 servum
555 550 600 576 ac
630 538 805 576 vinculis
836 542 876 575 et
911 551 1031 587 opere
1062 544 1245 576 coercere
1279 552 1437 577 rarum:
1458 543 1476 571 5

105 607 289 645 Occidere
320 607 464 655 30101113,
496 620 577 645 11011
607 607 830 657 disciplina
859 612 900 645 et
930 608 1162 656 severitate,
1186 610 1257 647 sed
1280 609 1441 659 impetu

105 681 146 715 et
174 677 246 725 ira,
267 681 315 715 ut
344 677 569 725 inimicum,
591 677 673 716 nisi
698 678 808 727 quod
838 678 1005 727 impune
1037 682 1109 716 est.
1169 679 1327 717 Liberti
1358 693 1439 717 11011

105 747 282 785 multum
317 760 442 797 supra
476 760 613 785 servos
647 752 756 795 sunt,
788 760 878 786 raro
909 748 1077 798 aliquod
1110 753 1365 787 momentum
1397 750 1441 787 in

105 817 237 865 domo,
260 830 484 867 numquam
515 817 557 854 111
588 818 769 865 civitate,
797 818 980 868 exceptis
1012 819 1230 857 dumtaxat
1260 819 1318 857 013
1349 832 1441 869 gen-

105 887 216 926 tibus
250 900 353 937 quae
389 892 623 936 regnantur.
688 888 753 925 Ibi
788 889 898 925 enim
933 892 974 926 et
1009 901 1130 938 super
1166 889 1365 938 ingenuos
1401 895 1441 928 et
1460 893 1497 922 10

106 969 229 1007 super
249 957 408 996 nobiles
434 958 679 995 ascendunt:
712 959 823 1008 apud
853 962 1009 996 ceteros
1040 958 1220 1009 impares
1253 960 1440 998 libertini

106 1027 312 1065 libertatis
333 1032 621 1076 argumentum
645 1033 752 1066 sunt.

158 1096 219 1136 26.
261 1098 423 1135 Faenus
458 1097 615 1146 agitare
650 1102 691 1136 et
723 1098 767 1135 111
798 1111 942 1137 usuras
975 1099 1196 1137 extendere
1229 1100 1437 1149 ignotum5

104 1166 279 1217 ideoque
300 1167 431 1217 magis
454 1172 642 1206 servatur
664 1181 787 1218 quam
811 1169 844 1206 31
867 1169 1044 1206 vetitum
1066 1173 1185 1207 esset.
1243 1170 1345 1219 Agri
1367 1183 1441 1220 pro

104 1250 274 1276 numero
297 1239 502 1276 cultorum
529 1240 579 1277 ab
601 1240 805 1278 universis
827 1240 896 1285 †in
918 1240 1029 1278 vices
1054 1243 1306 1288 occupantur
1338 1253 1439 1290 quos
1459 1246 1496 1274 15

105 1318 200 1343 mox
233 1305 341 1343 inter
372 1318 413 1344 30
444 1307 669 1344 3001111(111111
700 1307 982 1355 dignationem
1014 1309 1274 1357 partiuntur3
1310 1310 1441 1348 facili-

105 1378 233 1413 tatem
264 1376 473 1425 partiendi
503 1388 741 1425 camporum
772 1377 908 1426 spatia
938 1382 1162 1427 praestant.
1224 1379 1338 1418 Arva
1367 1392 1440 1430 per

105 1457 233 1483 annos
255 1449 429 1491 mutant,
453 1449 493 1483 et
515 1451 702 1495 superest
723 1459 828 1495 ager.
888 1447 976 1485 Nec
998 1448 1108 1485 enim
1130 1461 1222 1486 011111
1250 1450 1439 1488 ubertate

105 1518 147 1552 et
175 1515 452 1564 amplitudine
482 1515 559 1553 soli
590 1516 727 1554 labore
758 1517 1026 1564 contendunt,
1058 1522 1105 1556 ut
1135 1519 1321 1568 pomaria
1349 1532 1439 1558 con-

105 1588 243 1622 serant
278 1589 318 1622 et
352 1589 472 1634 prata
506 1590 698 1635 separent
733 1590 773 1623 et
807 1586 948 1625 hortos
983 1588 1141 1636 rigent:
1186 1589 1274 1627 sola
1304 1593 1437 1628 terrae
1456 1597 1494 1626 20

105 1666 220 1703 seges
259 1655 497 1705 imperatur.
566 1657 689 1695 Unde
723 1669 876 1694 annum
916 1670 1077 1707 quoque
1109 1658 1246 1708 ipsum
1280 1672 1362 1697 non
1394 1660 1438 1697 in

103 1725 277 1762 totidem
308 1725 501 1773 digerunt
532 1726 711 1775 species:
752 1726 884 1764 hiems
915 1731 956 1784 013
985 1740 1057 1765 ver
1089 1732 1130 1766 et
1154 1732 1289 1768 aestas
1319 1730 1437 1768 intel-

104 1793 254 1832 lectum
287 1807 331 1832 ac
360 1795 558 1833 vocabula
592 1796 757 1844 habent,
790 1797 980 1834 autumni
1010 1798 1182 1847 perinde
1212 1812 1362 1838 nomen
1391 1813 1436 1838 ac

106 1864 211 1902 bona
230 1863 482 1913 ignorantur.

157 1933 220 1972 27.
261 1935 470 1973 Funerum
514 1935 631 1974 nulla
673 1936 866 1974 ambitio:
916 1937 961 1975 id
1004 1937 1137 1976 solum
1181 1938 1434 1990 observatur⁷
1453 1949 1490 1978 25

103 2008 150 2042 ut
189 2017 358 2054 corpora
397 2005 600 2043 clarorum
640 2006 823 2044 virorum
861 2007 985 2045 certis
1024 2007 1150 2057 lignis
1189 2014 1431 2050 crementur.

105 2074 269 2112 Struem
303 2075 390 2123 rogi
420 2088 495 2113 1100
524 2076 710 2114 vestibus
745 2089 819 2114 nec
854 2077 1047 2116 odoribus
1083 2079 1319 2118 cumulant:
1361 2094 1436 2120 sua

103 2144 250 2193 cuique
275 2157 399 2192 arma,
422 2146 679 2194 quorundam
706 2146 792 2195 igni
820 2151 861 2184 et
887 2160 1016 2197 equus
1045 2149 1233 2187 adicitur.
1294 2151 1435 2201 Sepul-

103 2226 215 2251 crum
237 2226 403 2264 caespes
420 2215 562 2263 erigit:
586 2221 940 2254 monumentorum
965 2218 1138 2256 arduum
1156 2223 1197 2257 et
1217 2232 1433 2269 operosum

102 2282 297 2320 honorem
314 2286 361 2321 ut
381 2296 546 2332 gravem
569 2285 777 2325 defunctis
795 2287 1110 2338 adspernantur.
1163 2290 1365 2330 Lamenta
1388 2304 1433 2330 ac
1451 2301 1490 2330 30

102 2352 293 2391 lacrimas
314 2353 407 2401 cito,
430 2354 611 2391 dolorem
633 2359 674 2392 et
698 2356 912 2393 tristitiam
937 2358 1055 2395 tarde
1076 2364 1245 2408 ponunt.
1304 2362 1434 2400 Femi-

102 2424 167 2460 nis
191 2423 330 2471 111ςοΓο
350 2423 570 2461 honestum
592 2428 664 2471 est,
690 2425 787 2463 viris
808 2426 1057 2465 meminisse.
