1747 2764
215 145 270 185 46
633 157 668 187 P.
707 155 938 188 CORNELII
970 155 1136 187 TAOITI

270 270 385 309 Haec
415 270 459 308 in
488 283 687 309 conmune
717 271 767 308 de
797 271 980 308 omnium
1002 270 1303 308 Germanorum
1325 268 1483 317 origine
1508 281 1554 306 ac

215 339 397 379 moribus
425 340 681 390 accepimus:
713 353 821 378 nunc
852 340 1108 389 singularum
1142 339 1328 389 gentium
1359 339 1556 377 instituta

216 410 414 460 ritusque,
432 415 637 461 quatenus
656 411 864 458 differant,
882 423 1069 460 quaeque
1086 409 1275 448 nationes
1293 422 1312 446 e
1331 409 1556 447 Germania.

216 481 259 518 in
280 480 441 519 Gallias
463 480 826 529 conmigraverint,
849 480 1078 530 expediam.

418 590 466 623 Π.
519 590 794 623 DEsoizIP'rlox
821 599 870 623 or
900 589 1167 624 PARUCULAR
1194 589 1357 624 Tnnms.

319 681 349 704 a.
386 672 540 705 Wescern
566 672 637 703 and
662 671 926 703 Northwestern
955 657 1088 703 Trz'bea
1142 670 1287 712 (Chaps.
1310 671 1451 709 28-37.)

597 755 761 792 Helvetii,
783 755 878 792 Boii,
905 754 976 792 Osi,
998 754 1174 787 Aravisci.

178 834 197 861 5
269 826 333 866 28.
374 826 609 865 Validiores
630 825 726 864 olim
747 825 960 864 Gallorum
980 838 1044 864 res
1062 826 1193 864 fuisse
1215 839 1398 864 summus
1420 830 1554 864 aucto-

216 911 319 945 rum,
358 897 491 935 Divus
537 897 671 935 Iulius
716 896 868 943 tradit3
916 908 1043 945 eoque
1083 896 1280 933 credibile
1319 900 1382 934 est
1427 897 1551 935 etiam

217 967 360 1006 Gallos
402 967 445 1004 in
487 967 754 1006 Germaniam
793 970 1095 1015 transgressos:
1149 966 1397 1016 quantulum
1441 967 1550 1004 enim

215 1037 348 1075 amnis
387 1037 577 1075 obstabat
611 1050 692 1087 quo
722 1036 871 1081 minus,
904 1040 949 1074 ut
978 1049 1165 1086 quaeque
1196 1049 1295 1085 gens
1325 1036 1549 1081 evaluerat,

215 1111 433 1157 occuparet
449 1111 785 1157 permutaretque
807 1107 924 1145 sedes
946 1106 1200 1156 promiscuas
1218 1107 1351 1144 adhuc
1373 1111 1413 1144 et
1435 1107 1551 1145 nulla

159 1185 195 1214 10
214 1190 433 1227 regnorum
473 1177 660 1227 potentia
698 1177 854 1215 divisas
870 1179 890 1213 ‘3
970 1176 1107 1225 Igitur
1146 1176 1253 1214 inter
1293 1176 1545 1226 Hercyniam

214 1247 362 1286 silvam
384 1248 661 1297 Rhenumque
689 1251 730 1285 et
757 1248 952 1284 Moenum
974 1259 1114 1285 amnes
1138 1246 1326 1284 Helvetii
1346 1247 1548 1287 citeriora.

213 1318 412 1356 ulteriora
446 1318 550 1365 Boii,
587 1317 752 1356 Gallica
789 1320 965 1366 utraque
1005 1329 1116 1365 gens,
1153 1321 1332 1354 tenuere.
1406 1318 1549 1355 Manet

213 1388 347 1426 adhuc
368 1388 585 1426 Boihaemi
606 1400 755 1425 nomen
777 1387 1066 1437 significatque
1094 1386 1174 1424 loci
1199 1391 1381 1424 veterem
1402 1399 1550 1425 memo-

212 1458 316 1497 riam
337 1458 526 1509 quamvis
547 1458 720 1496 mutatis
742 1457 979 1495 cultoribus.
1032 1457 1111 1495 Sed
1132 1460 1271 1494 utrum
1292 1456 1484 1495 Aravisci
1505 1457 1547 1494 in

156 1538 192 1566 15
211 1529 471 1567 Pannoniam
510 1529 561 1566 ab
600 1517 695 1566 Osis
727 1527 1050 1578 [Germanorum
1085 1527 1274 1580 natione]
1308 1540 1361 1565 an
1393 1526 1465 1565 Osi
1486 1527 1547 1565 'ab

212 1599 423 1638 Araviscis
466 1598 507 1636 in
550 1598 817 1637 Germaniam
850 1596 1212 1644 conmigraverint7
1263 1609 1354 1634 cum
1405 1597 1547 1633 eodeni

211 1669 346 1707 adhuc
374 1681 561 1707 sermone
591 1667 799 1706 institutis
824 1667 1006 1705 moribus
1034 1670 1218 1711 utantur,
1241 1666 1443 1703 incertum
1472 1670 1546 1714 est,

211 1740 309 1790 quia
329 1739 419 1790 pari
441 1739 539 1777 olim
566 1738 707 1788 inopia
734 1750 780 1776 ac
807 1737 999 1775 libertate
1026 1737 1168 1774 eadem
1196 1736 1411 1786 utriusque
1433 1736 1546 1786 ripae

210 1810 317 1848 bona
347 1809 538 1859 malaque
573 1812 701 1847 erant.
771 1807 940 1845 Treveri
980 1810 1022 1845 et
1055 1806 1203 1844 Nervii
1243 1806 1352 1844 circa
1367 1806 1547 1844 adfecta-

152 1891 191 1919 20
209 1880 365 1918 tionem
401 1879 670 1918 Germanicae
705 1878 876 1927 originis
911 1877 1020 1914 ultro
1054 1876 1263 1915 ambitiosi
1303 1880 1411 1923 sunt,
1447 1879 1547 1914 tani-

210 1963 330 2000 quam
356 1963 427 2000 per
447 1950 553 1987 hanc
575 1948 748 1998 gloriam
770 1947 983 1996 sanguinis
1002 1960 1025 1984 a
1041 1946 1316 1985 similitudine
1334 1950 1374 1983 et
1394 1946 1547 1984 inertia

211 2020 425 2059 Gallorum
458 2022 710 2069 separentur.
779 2018 921 2067 Ipsam
952 2017 1089 2054 Rheni
1123 2016 1254 2066 ripam
1282 2016 1393 2053 haud
1422 2016 1545 2054 dubie

210 2092 509 2129 Germanorum
532 2088 675 2139 populi
697 2088 850 2135 colunt,
869 2087 1117 2135 Vangiones,
1136 2078 1313 2133 Triboci,
1334 2086 1542 2123 Nemetes.

209 2161 273 2198 Ne
296 2154 396 2199 Ubii
419 2160 597 2209 quidem,
620 2170 871 2208 quamquam
892 2157 1080 2194 Romana
1101 2155 1262 2193 colonia
1282 2168 1369 2194 esse
1392 2168 1545 2193 merue-

152 2242 189 2270 25
209 2231 295 2268 rint
333 2243 378 2268 ac
418 2229 615 2267 libentius
656 2227 985 2277 Agrippinenses
1020 2226 1245 2264 conditoris
1281 2225 1344 2264 sui
1380 2225 1543 2263 nomine

209 2304 419 2347 vocentur,
442 2299 600 2348 origine
631 2298 889 2344 erubescunt,
911 2296 1159 2343 transgressi
1190 2295 1287 2333 olim
1319 2299 1360 2333 et
1390 2295 1545 2345 experi-

211 2375 349 2408 mento
387 2370 484 2407 fidei
535 2381 656 2418 super
704 2367 836 2416 ipsam
872 2366 1007 2403 Rheni
1062 2366 1192 2415 ripam
1235 2365 1450 2413 conlocati,
1495 2369 1542 2403 ut

207 2443 406 2487 arcerent,
437 2452 516 2476 non
546 2442 594 2475 ut
623 2436 940 2473 suistodirentur.
