1747 2764
203 107 256 148 26
624 114 660 145 P.
698 113 928 145 CORNELII
961 113 1127 146 TACITI

202 230 348 270 classis
369 230 550 269 secunda
569 233 819 280 tempestate
836 242 883 268 ac
903 230 1017 268 fama
1036 230 1356 268 Trucculensem
1378 235 1542 280 portum

203 301 351 350 tenuit,
372 300 495 348 unde,
517 300 707 350 proximo
734 299 979 339 Britanniae
1011 299 1132 338 litore
1160 300 1267 338 lecto
1297 300 1420 343 omni.
1443 301 1544 338 redi-

203 375 302 410 erat.

679 475 805 507 Recazl
829 475 871 515 of
885 474 1067 515 Ayricola.

256 579 319 620 39.
362 580 487 617 Hunc
516 591 652 617 rerum
682 592 859 627 cursum,
891 591 1141 629 quamquam
1178 579 1294 618 nulla
1323 579 1541 618 verborum

164 661 183 690 5
202 650 404 689 iactantia
427 649 620 700 epistulis
642 649 862 698 Agricolae
887 653 1065 697 auctum,
1087 653 1135 687 ut
1155 649 1395 687 Domitiano
1416 650 1542 689 moris

202 724 303 769 erat,
324 721 464 758 fronte
494 720 640 768 laetus,
666 723 831 770 pectore
859 720 1007 758 anxius
1039 720 1212 770 excepit.
1281 720 1424 758 Inerat
1453 733 1542 759 con-

203 791 377 830 scientia
414 791 571 829 derisui
609 790 741 828 fuisse
780 803 911 840 nuper
950 790 1104 828 falsum
1144 803 1165 828 e
1205 791 1430 829 Germania
1472 792 1542 829 tri—

201 861 415 912 umphum,
433 862 586 911 emptis
606 874 679 911 per
708 861 952 909 conmercia,
967 874 1144 911 quorum
1162 861 1330 899 habitus
1347 866 1389 899 et
1405 861 1539 900 crines

202 933 246 970 in
270 932 529 982 captivorum
554 932 733 981 speciem
759 932 1050 979 formarentur,
1073 935 1116 969 at
1140 944 1249 969 nunc
1272 944 1409 969 veram
1432 945 1540 981 mag-

146 1015 183 1042 10
201 1015 381 1052 namque
399 1002 615 1040 victoriam
631 1006 694 1039 tot
711 1001 880 1039 milibus
898 1001 1080 1040 hostium
1099 1001 1229 1040 caesis
1246 1002 1406 1051 ingenti
1427 1002 1540 1041 fama

199 1073 410 1111 celebrari.
470 1073 521 1110 Id
542 1072 620 1110 sibi
641 1072 821 1110 maxime
838 1072 1166 1120 formidolosum,
1185 1072 1338 1122 privati
1359 1072 1539 1113 hominis

200 1156 351 1182 nomen
390 1156 515 1193 supra
552 1143 756 1192 principis
795 1142 964 1180 adtolli:
1005 1143 1164 1181 frustra
1203 1143 1343 1181 studia
1381 1143 1462 1181 fori
1498 1148 1539 1182 et

200 1214 388 1252 civilium
423 1213 575 1252 artium
611 1213 735 1251 decus
771 1213 814 1250 in
849 1213 1064 1251 silentium
1098 1216 1202 1261 acta,
1239 1213 1274 1251 si
1312 1213 1537 1252 militarem

199 1273 373 1334 gloriam
408 1284 515 1322 alius
550 1287 791 1333 occuparet;
832 1287 968 1321 cetera
998 1286 1223 1333 utcumque
1258 1283 1425 1322 facilius
1460 1284 1538 1323 dis-

144 1365 179 1392 15
199 1355 400 1402 simulari,
418 1354 535 1392 ducis
552 1354 649 1392 boni
665 1353 975 1404 imperatoriam
995 1353 1194 1391 virtutem
1211 1366 1311 1392 esse.
1365 1354 1536 1393 Talibus

198 1426 308 1464 curis
325 1424 544 1473 exercitus,
563 1425 754 1474 quodque
771 1437 918 1463 saevae
934 1424 1200 1473 cogitationis
1217 1424 1418 1462 indicium
1434 1429 1534 1474 erat,

199 1500 356 1534 secreto
391 1508 464 1534 suo
499 1495 687 1543 satiatus,
720 1495 924 1545 optimum
958 1495 1003 1532 in
1037 1494 1273 1544 praesentia
1302 1495 1451 1533 statuit
1480 1508 1538 1533 re-

197 1579 349 1617 ponere
379 1566 532 1614 odium,
563 1566 691 1603 donec
721 1565 903 1615 impetus
933 1565 1070 1603 famae
1100 1568 1142 1602 et
1171 1565 1291 1603 favor
1330 1565 1535 1603 exercitus

196 1637 503 1686 languesceret:
540 1649 637 1674 nam
663 1636 791 1674 etiam
814 1640 903 1673 tum
925 1635 1123 1685 Agricola
1147 1635 1411 1674 Britanniam
1435 1636 1537 1674 obti-

138 1717 177 1746 20
194 1709 332 1747 nebat.

248 1777 311 1817 40.
359 1778 496 1827 Igitur
516 1776 790 1827 triumphalia
814 1780 1058 1814 ornamenta
1083 1780 1124 1814 et
1150 1776 1341 1815 inlustris
1373 1780 1534 1815 statuae

195 1849 392 1887 honorem
409 1852 452 1886 et
467 1847 675 1898 quidquid
696 1860 769 1897 pro
785 1846 998 1896 triumpho
1016 1846 1149 1891 datur,
1168 1847 1299 1885 multo
1315 1847 1534 1885 verborum

194 1919 348 1957 honore
378 1918 600 1965 cumulata,
627 1917 792 1955 decerni
822 1917 866 1954 in
896 1921 1042 1955 senatu
1072 1917 1188 1955 iubet
1217 1917 1396 1967 addique
1426 1917 1534 1956 insu—

194 2001 267 2039 per
300 1989 550 2039 opinionem,
583 1988 746 2026 Suriam
778 1987 1035 2038 provinciam
1065 1987 1284 2036 Agricolae
1315 1987 1531 2034 destinari,

136 2066 173 2094 25
192 2072 366 2098 vacuam
400 2063 488 2096 tum
519 2062 650 2096 morte
680 2058 805 2096 Atilii
840 2058 937 2095 Rufi
968 2057 1197 2095 consularis
1232 2061 1273 2095 et
1306 2057 1532 2096 maioribus

193 2133 456 2167 reservatam.
512 2128 735 2167 Credidere
757 2128 944 2178 plerique
960 2128 1157 2165 libertum
1174 2140 1224 2165 ex
1242 2127 1531 2166 secretioribus

192 2199 438 2237 ministeriis
477 2199 651 2237 missum
684 2199 736 2236 ad
769 2198 1008 2247 Agricolam
1047 2197 1271 2246 codicillos,
1308 2197 1458 2247 quibus
1493 2198 1529 2235 ei

193 2270 313 2308 Suria
340 2269 528 2317 dabatur,
551 2269 711 2317 tulisse,
734 2281 826 2306 cum
854 2272 1074 2318 praecepto
1098 2271 1156 2315 ut,
1179 2267 1214 2306 si
1238 2267 1282 2304 in
1312 2267 1532 2306 Britannia

190 2340 312 2387 foret,
334 2340 621 2387 traderentur3
653 2351 827 2388 eumque
855 2338 1051 2377 libertum
1072 2338 1115 2375 in
1136 2338 1227 2387 ipso
1247 2337 1356 2376 freto
1377 2337 1529 2376 Oceani

134 2419 172 2446 30
191 2410 359 2447 obvium
394 2409 624 2458 Agricolae,
657 2422 708 2446 ne
743 2408 954 2458 adpellato
984 2408 1152 2457 quidem
1188 2420 1235 2446 eo
1269 2408 1322 2446 ad
1356 2408 1526 2446 Domiti-
