1747 2764
684 135 941 167 AGRICOLA.
1459 132 1483 171 3

439 257 654 296 ,Birthplacffi
688 258 845 295 Parents,
877 257 986 295 Early
1018 257 1202 297 Traininy.

206 333 242 372 4.
277 335 441 373 Gnaeus
476 333 610 371 Iulius
640 333 845 382 Agricola,
874 337 1012 370 vetere
1043 337 1084 370 et
1118 333 1285 371 inlustri
1321 334 1484 372 Foroiu-

155 405 348 443 liensium
388 403 547 442 colonia
584 407 710 447 ortus,
752 407 971 452 utrumque
1011 416 1133 441 avum
1176 408 1481 454 procuratorem

155 476 375 513 Caesarum
397 473 553 520 habuit,
571 486 675 522 quae
696 473 901 522 equestris
924 473 1119 512 nobilitas
1141 480 1214 512 est.
1274 474 1398 512 Pater
1419 474 1480 512 illi

157 544 288 582 Iulius
329 543 568 591 Graecinus,
602 543 797 581 senatorii
841 543 1010 589 ordinis,
1046 544 1185 581 studio
1225 544 1484 593 eloquentiae

156 614 465 664 sapientiaeque
504 618 636 655 notus,
677 613 818 662 eisque
858 612 958 662 ipsis
1000 613 1224 652 virtutibus
1263 614 1366 652 iram
1407 614 1521 653 Gai5

156 684 343 723 Caesaris
377 683 570 721 meritus:
607 695 783 731 namque
817 683 872 720 M.
908 683 1095 720 Silanum
1127 696 1317 722 accusare
1349 684 1484 722 iussus

156 758 207 801 et,
234 754 331 803 quia
360 753 570 801 abnuerat,
593 753 838 790 interfectus
868 757 942 791 est.
1001 754 1137 791 Mater
1166 754 1277 792 Iulia
1305 754 1487 791 Procilla

156 824 249 871 fuit,
271 835 385 861 rarae
406 823 621 861 castitatis.
682 823 732 859 In
761 823 884 861 huius
909 823 1002 860 sinu
1026 823 1368 873 indulgentiaque
1394 824 1486 861 edu-

156 898 272 932 catus
297 906 369 943 per
399 906 559 931 omnem
589 893 854 931 honestarum
890 893 1041 931 artium
1076 893 1231 931 cultum
1265 894 1486 943 pueritiam

157 964 563 1013 adulescentiamque
593 963 806 1011 transegit.
871 963 1051 1001 Arcebat
1072 976 1162 1000 euin
1191 964 1241 1001 ab
1268 964 1486 1001 inlecebris
1507 972 1543 1000 10

157 1034 414 1084 peccantium
445 1038 606 1083 praeter
633 1033 763 1083 ipsius
794 1033 943 1071 bonam
970 1033 1255 1083 integramque
1283 1038 1485 1081 naturam,

157 1104 266 1154 quod
305 1103 446 1141 statim
485 1103 682 1153 parvulus
722 1104 859 1141 sedem
898 1116 944 1141 ac
983 1104 1225 1152 magistram
1256 1104 1487 1141 studiorum

157 1174 389 1212 Massiliam
419 1174 576 1221 habuit,
608 1173 742 1211 locum
773 1174 931 1212 Grraeca
957 1174 1151 1211 comitate
1176 1178 1217 1211 et
1241 1174 1485 1223 provinciali

158 1243 410 1294 parsimonia
426 1244 600 1281 mixtum
623 1256 667 1281 ac
688 1244 790 1281 bene
807 1244 1090 1293 compositum.
1150 1244 1352 1281 Memoria
1367 1248 1488 1282 teneo

158 1313 327 1351 solitum
367 1313 503 1363 ipsum
545 1326 709 1351 narrare
751 1326 792 1351 se
836 1313 969 1362 prima
1008 1314 1051 1350 111
1092 1314 1262 1351 iuventa
1302 1314 1486 1352 studium
1508 1323 1543 1351 15

159 1383 445 1434 philosophiae
476 1384 621 1431 acrius,
652 1383 842 1433 ultraque
873 1396 995 1433 quam
1025 1396 1264 1422 concessum
1300 1385 1487 1422 Romano

163 1454 229 1506 [ac
251 1454 468 1506 senatori]‚
490 1454 690 1493 hausisse,
717 1454 759 1490 111
788 1453 1009 1502 prudentia
1038 1454 1182 1492 matris
1204 1454 1417 1491 incensum
1441 1466 1487 1491 ac

157 1525 400 1573 flagrantem
422 1524 604 1561 animum
625 1523 882 1561 coercuisset.
938 1524 1103 1561 Scilicet
1125 1523 1301 1561 sublime
1322 1528 1363 1561 et
1384 1536 1488 1562 erec-

157 1600 245 1633 tum
275 1595 486 1643 ingenium
517 1593 869 1644 pulchritudinem
895 1606 940 1631 ac
963 1594 1140 1643 speciem
1162 1606 1332 1642 magnae
1360 1594 1489 1632 excel-

158 1677 306 1715 saeque
327 1665 480 1713 gloriae
503 1663 789 1701 vehementius
811 1676 934 1712 quain
956 1668 1073 1700 caute
1096 1663 1327 1713 adpetebat.
1387 1665 1487 1701 Mox
1506 1674 1544 1702 20

157 1735 367 1783 mitigavit
401 1734 506 1772 ratio
535 1738 576 1771 et
611 1738 734 1780 aetas,
766 1733 1033 1782 retinuitque,
1066 1733 1174 1782 quod
1205 1737 1268 1771 est
1298 1733 1488 1771 difficilli-

156 1818 280 1853 mum,
302 1817 352 1842 ex
374 1803 580 1854 sapientia
600 1803 777 1841 modum.

630 1922 793 1961 Dlilitary
824 1921 1009 1961 Trainz'nq.

210 1994 245 2033 5.
286 1993 429 2031 Prima
456 1997 683 2031 castrorum
714 1992 950 2029 rudimenta
972 1992 1015 2029 in
1045 1992 1266 2030 Britannia
1291 1992 1487 2030 Suetonio

157 2064 344 2111 Paulino,
369 2063 563 2111 diligenti
593 2075 638 2100 ac
669 2062 880 2099 moderato
911 2062 1017 2108 duci,
1047 2062 1304 2111 adprobavit,
1332 2062 1486 2100 electus

157 2146 278 2184 quem
317 2132 586 2171 contubernio
624 2132 874 2170 aestimaret.
945 2132 1033 2169 Nec
1068 2131 1262 2180 Agricola
1300 2132 1485 2180 licenter,
1505 2140 1542 2168 25

157 2216 267 2241 inore
296 2203 491 2240 iuvenum
521 2202 591 2252 qui
622 2201 816 2239 militiam
846 2201 890 2238 in
916 2201 1130 2239 lasciviam
1151 2205 1332 2248 vertunt,
1354 2214 1486 2251 neque

158 2273 337 2322 segniter
364 2272 417 2310 ad
436 2272 671 2321 voluptates
699 2275 741 2309 et
781 2275 1017 2309 conmeatus
1047 2271 1218 2308 titulum
1248 2271 1486 2309 tribunatus

157 2347 199 2381 et
223 2342 432 2381 inscitiam
456 2341 644 2379 rettulit:
677 2341 748 2378 sed
768 2353 934 2378 noscere
955 2341 1221 2390 provinciam,
1244 2341 1357 2378 nosci
1377 2353 1486 2378 exer-

158 2412 270 2459 citui,
297 2412 452 2450 discere
483 2424 506 2449 a
535 2411 693 2460 peritis,
722 2410 839 2460 sequi
868 2410 1058 2460 optimos,
1081 2410 1185 2447 nihil
1218 2411 1413 2460 adpetere
1443 2411 1485 2448 in
