1747 2764
683 128 940 162 AGmoOLA.
1424 119 1477 159 15

147 249 314 287 habitus
353 247 483 286 nostri
528 247 657 284 honor
697 249 737 282 et
784 245 980 294 frequens
1018 248 1124 291 toga.
1188 241 1477 291 Paulatimque

147 320 391 358 descensum
416 317 467 355 ad
488 316 766 354 delenimenta
785 313 995 360 vitiorum,
1021 312 1204 363 porticus
1226 317 1267 349 et
1293 311 1478 352 balineas

147 394 188 428 et
216 388 501 427 conviviorum
530 385 790 434 elegantiam.
865 383 997 433 quue
1027 383 1137 432 apud
1168 381 1380 432 imperitos
1409 381 1480 419 hu-

149 459 326 497 manitas
347 457 580 504 vocabatur,
603 468 695 493 cuin
717 467 811 504 pars
834 452 1047 492 servitutis
1070 455 1188 490 esset.

213 529 264 567 ..2.
305 527 468 566 Tertius
499 525 810 576 expeditionum
839 536 971 562 annus
1000 535 1127 561 novas
1149 522 1284 571 gentis
1305 523 1479 572 aperuit,
1499 533 1517 562 5

177 599 323 637 astatis
344 610 473 647 usque
495 597 547 634 ad
569 597 755 633 Tanaum
775 593 998 645 <aestuario
1027 605 1177 631 nomen
1204 594 1283 643 est)
1306 592 1481 630 nationi-

149 670 234 708 bus.
294 669 383 713 Qua
411 666 634 705 formidine
664 665 800 703 territi
830 665 970 702 hostes
1001 676 1249 713 quamquam
1277 662 1482 701 conflicta-

148 743 236 777 tum
258 738 391 777 saevis
419 736 739 787 tempestatibus
769 735 996 772 exercituin
1025 734 1225 771 lacessere
1254 745 1336 770 non
1367 733 1479 781 ausi3

148 808 432 860 ponendisque
452 807 622 856 insuper
645 805 828 844 castellis
853 804 1033 854 spatium
1056 803 1148 841 fuit.
1212 803 1482 840 Adnotabant

149 879 274 929 periti
304 890 387 915 non
421 877 549 915 alium
581 877 725 914 ducem
755 874 1085 925 opportunitates
1118 873 1298 911 locorum
1325 873 1483 922 sapien-
1502 881 1538 910 10

149 949 232 987 tius
260 948 432 997 legisse3
464 946 625 984 nullum
655 946 705 984 ab
735 944 931 994 Agricola
959 944 1141 994 positum
1172 943 1388 981 castellum
1410 947 1483 981 aut

150 1019 192 1056 vi
212 1018 395 1057 hostium
422 1020 703 1067 expugnatum
725 1019 796 1054 aut
822 1015 1013 1065 pactione
1045 1026 1090 1052 ac
1120 1014 1221 1062 fuga
1250 1014 1480 1059 desertunn

150 1090 314 1127 crebrae
348 1088 597 1138 eruptiones,
628 1099 725 1124 nam
757 1086 955 1124 adversus
990 1097 1123 1122 moras
1158 1084 1385 1122 obsidionis
1417 1097 1484 1122 an-

150 1159 244 1197 nuis
274 1158 403 1208 copiis
432 1157 714 1195 firmabantur.
774 1156 841 1193 Ita
866 1155 1075 1204 intrepida
1104 1154 1162 1192 ibi
1188 1154 1320 1191 hiems
1341 1158 1382 1191 et
1403 1154 1482 1191 sibi

151 1229 324 1279 quisque
360 1227 578 1278 praesidio,
607 1226 744 1264 inritis
776 1225 967 1263 hostibus
999 1237 1127 1274 eoque
1155 1224 1482 1273 desperantibus,
1503 1230 1539 1257 15

152 1299 250 1349 quia
275 1298 386 1336 soliti
416 1297 659 1347 plerumque
685 1296 836 1334 damna
859 1294 1029 1333 aestatis
1054 1294 1239 1332 hibernis
1267 1293 1483 1332 eventibus

152 1381 323 1418 pensare
346 1372 432 1405 tum
456 1371 611 1405 aestate
633 1370 757 1416 atque
778 1365 913 1403 hieme
934 1365 1053 1402 iuxta
1073 1364 1346 1414 pellebantur.
1395 1364 1484 1401 Nec

154 1438 349 1487 Agricola
370 1450 564 1486 umquam
590 1448 662 1486 per
689 1435 792 1474 alios
820 1439 936 1485 gesta
963 1435 1109 1472 avidus
1139 1434 1380 1483 intercepit:
1413 1446 1485 1471 seu

152 1508 337 1546 centurio
369 1520 439 1545 seu
473 1506 708 1556 praefectus
736 1506 1028 1555 inconruptum
1060 1504 1161 1542 facti
1192 1508 1342 1541 testem
1366 1504 1486 1541 habe-

152 1578 234 1616 bat.
292 1577 418 1627 Apud
449 1576 648 1626 quosdam
687 1575 870 1613 acerbior
907 1575 950 1612 in
987 1574 1185 1612 conviciis
1227 1573 1483 1620 narrabatur,
1503 1581 1542 1609 20

153 1652 194 1686 et
226 1650 272 1684 ut
306 1651 393 1684 erat
427 1647 552 1684 comis
588 1647 718 1693 bonis,
749 1646 808 1684 ita
836 1645 1034 1682 adversus
1066 1644 1195 1681 malos
1221 1643 1481 1681 iniucundus.

153 1718 345 1757 Ceterum
365 1729 414 1754 ex
438 1716 654 1754 iracundia
682 1715 788 1752 nihil
819 1718 1033 1765 supererat
1063 1718 1278 1756 secretum,
1300 1718 1346 1750 ut
1367 1713 1486 1750 silen-

151 1788 257 1826 tium
279 1788 366 1825 eius
386 1799 469 1824 non
489 1786 675 1824 timeres:
707 1785 923 1823 honestius
944 1770 1118 1834 putabat
1138 1783 1345 1821 offendere
1362 1796 1485 1833 quam

153 1858 298 1896 odisse.

206 1927 267 1966 23.
309 1928 465 1972 Quarta
511 1929 646 1964 aestas
694 1925 931 1964 obtinendis
978 1937 1081 1974 quae
1128 1927 1388 1974 percurrerat
1428 1923 1486 1960 in-
1503 1933 1541 1961 25

154 2000 341 2047 sumpta3
391 2009 436 2034 ac
475 1996 510 2034 si
544 1996 678 2034 virtus
717 1995 971 2033 exercituum
1012 1998 1052 2032 et
1089 1994 1266 2032 Romani
1306 1993 1485 2031 nominis

154 2066 286 2116 gloria
322 2070 546 2116 pateretur,
577 2065 772 2103 inventus
811 2065 855 2102 in
892 2065 985 2114 ipsa
1018 2063 1237 2102 Britannia
1270 2063 1482 2101 terminus.

154 2137 344 2186 Namque
383 2136 502 2175 Clota
540 2139 582 2173 et
621 2135 818 2173 Bodotria
851 2134 1007 2173 diversi
1041 2134 1166 2172 maris
1197 2133 1380 2172 aestibus
1414 2145 1486 2182 per

155 2206 388 2244 inmensum
408 2209 607 2253 revectae,
630 2208 806 2254 angusto
827 2208 1030 2242 terrarum
1052 2203 1185 2253 spatio
1210 2203 1483 2241 dirimuntur:

156 2276 266 2325 quod
280 2273 369 2313 tuin
389 2275 609 2325 praesidiis
629 2274 870 2312 firmabatur
891 2278 1014 2323 atque
1031 2273 1162 2311 omnis
1184 2273 1350 2323 propior
1371 2272 1486 2310 sinus
1504 2280 1543 2309 30

156 2345 386 2392 tenebatur,
427 2344 627 2382 submotis
649 2344 764 2381 velut
784 2344 827 2381 in
848 2344 970 2381 aliani
992 2343 1170 2381 insulam
1192 2343 1391 2380 hostibus.

209 2414 271 2454 24.
313 2415 466 2460 Quinto
496 2414 807 2464 expeditionum
836 2427 943 2451 anno
970 2426 1075 2451 nave
1102 2413 1237 2463 prima
1262 2417 1487 2461 transgres—
