1747 2764
732 136 993 170 AGRICOLA.
1474 138 1527 179 13

194 249 283 298 ipse
310 253 404 287 ante
431 262 589 298 agmen,
611 263 691 300 quo
718 252 865 290 ceteris
896 265 970 302 par
998 253 1161 292 animus
1190 256 1317 293 simili
1344 259 1526 307 periculo

195 323 315 367 esset,
337 319 469 357 erexit
489 319 627 357 aciem.
687 321 896 371 Caesaque
923 335 1049 372 prope
1071 323 1265 363 universa
1292 332 1423 375 gente,
1445 342 1526 367 non

194 389 362 437 ignarus
384 389 622 427 instandum
647 391 782 428 famae
804 404 861 439 ac,
884 397 1006 441 prout
1033 394 1167 443 prima
1194 396 1427 445 cessissent,
1450 403 1527 437 ter-

194 472 327 496 rorem
357 459 505 497 ceteris
534 460 636 508 fore,
658 461 826 499 Monam
858 462 1049 509 insulam,
1076 476 1099 501 a
1128 465 1244 503 cuius
1266 469 1525 516 possessione

194 533 429 566 revocatum
463 529 686 567 Paulinum
716 531 940 569 rebellione
970 533 1098 572 totius
1129 535 1371 575 Britanniae
1402 548 1562 589 supra5

195 599 429 645 memoravi,
461 599 645 648 redigere
675 601 718 637 in
748 606 997 650 potestatem
1027 604 1163 642 animo
1194 605 1385 645 intendit.
1447 610 1526 647 Sed

194 673 240 706 ut
270 669 312 705 in
338 669 473 706 dubiis
501 669 685 708 consiliis
713 683 840 709 naves
868 672 1059 711 deerant:
1092 675 1199 712 ratio
1226 680 1266 714 et
1291 680 1526 717 constantia

195 738 310 776 ducis
331 739 572 777 transvexit.
632 741 844 790 Depositis
866 743 1055 782 omnibus
1084 745 1256 784 sarcinis
1278 747 1524 788 lectissimos

194 808 472 856 auxiliarium,
503 809 654 859 quibus
686 815 783 849 nota
817 812 924 850 vada
956 817 997 850 et
1031 815 1222 864 proprius
1254 818 1382 855 nandi
1413 832 1523 866 usus,

194 891 274 927 quo
302 878 425 916 simul
461 891 584 929 seque
619 884 660 917 et
693 893 807 919 arma
839 886 880 919 et
910 895 1035 932 equos
1069 890 1229 933 regunt,
1268 887 1328 925 ita
1357 895 1526 938 repente
1545 899 1582 927 10

194 947 366 996 inmisit,
397 953 444 986 ut
473 949 752 999 obstupefacti
781 951 933 999 hostes,
965 954 1036 1002 qui
1071 954 1257 1003 classem,
1289 958 1360 1006 qui
1393 960 1524 1008 navis,

195 1017 266 1066 qui
300 1030 410 1055 mare
443 1020 728 1069 expectabant,
750 1021 857 1058 nihil
884 1023 1059 1061 arduum
1079 1029 1151 1062 aut
1178 1025 1380 1065 invictum
1401 1030 1526 1067 credi-

167 1087 332 1136 4derint
365 1088 423 1126 sio
458 1089 510 1126 ad
544 1089 699 1127 bellum
733 1091 1006 1131 venientibus.
1080 1094 1148 1132 Ita
1181 1096 1314 1144 petita
1346 1111 1445 1147 pace
1480 1112 1524 1137 ac

194 1157 336 1195 dedita
364 1158 501 1196 insula
529 1159 663 1197 clarus
693 1173 738 1197 ac
767 1174 940 1209 magnus
970 1163 1112 1201 haberi
1143 1165 1349 1214 Agricola,
1372 1169 1525 1219 quippe

194 1227 259 1264 cui
285 1227 534 1275 ingredienti
563 1230 830 1278 provinciam,
859 1233 969 1281 quod
997 1237 1160 1283 tempus
1191 1236 1262 1273 alii
1292 1250 1365 1286 per
1395 1243 1527 1276 osten·
1546 1252 1581 1280 15

194 1297 393 1334 tationem
416 1302 456 1335 et
483 1298 707 1337 officiorum
735 1301 935 1339 ambitum
956 1304 1205 1353 transigunt,
1228 1306 1342 1344 labor
1363 1312 1403 1345 et
1423 1309 1526 1358 peri-

194 1366 333 1404 culum
363 1367 597 1416 placuisset.
655 1370 743 1407 Nec
774 1371 971 1419 Agricola
1000 1375 1275 1423 prosperitate
1310 1390 1447 1415 rerum
1482 1379 1525 1416 in

194 1436 421 1474 vanitatem
448 1450 558 1483 usus,
581 1440 886 1488 expeditionem
914 1447 985 1479 aut
1004 1444 1221 1483 victoriam
1250 1448 1423 1486 vocabat
1447 1450 1526 1487 vic-

195 1509 258 1543 tos
293 1507 566 1556 continuisse3
603 1521 653 1546 ne
693 1509 888 1549 laureatis
924 1513 1091 1562 quidem
1130 1520 1247 1563 gesta
1284 1523 1524 1566 prosecutus

195 1580 268 1624 est,
305 1578 376 1614 sed
410 1577 500 1627 ipsa
533 1578 874 1618 dissimulatione
898 1582 1034 1621 famae
1064 1585 1220 1623 famam
1249 1588 1377 1635 auxit,
1409 1590 1527 1627 aesti-
1544 1599 1582 1628 20

194 1647 402 1685 mantibus
424 1652 581 1697 quanta
600 1649 734 1687 futuri
755 1663 826 1700 spe
847 1655 931 1689 tam
953 1666 1103 1703 magna
1122 1656 1331 1695 tacuisset.

248 1716 309 1754 19.
351 1718 543 1755 Ceterum
574 1719 802 1757 animorum
833 1722 1069 1770 provinciae
1099 1727 1292 1774 prudens,
1320 1729 1524 1779 simulque

195 1786 337 1824 doctus
358 1799 431 1836 per
452 1787 586 1826 aliena
613 1790 895 1839 experimenta
917 1805 1063 1842 parum
1083 1796 1226 1844 profici
1247 1798 1385 1845 armis,
1409 1799 1443 1836 si
1468 1800 1525 1837 in-

193 1856 322 1894 iuriae
345 1862 623 1906 sequerentur,
646 1871 788 1898 causas
818 1862 1021 1900 bellorum
1052 1866 1198 1903 statuit
1228 1868 1426 1906 excidere.
1485 1870 1524 1907 A

194 1938 236 1963 se
271 1926 437 1976 suisque
473 1940 587 1966 orsus
622 1929 801 1978 primum
838 1931 1000 1969 domuin
1038 1947 1153 1972 suam
1186 1938 1377 1985 coercuit,
1413 1939 1522 1987 quod
1542 1951 1579 1979 25

193 1995 401 2045 plerisque
428 1996 539 2034 haud
568 1998 703 2037 minus
734 2001 905 2038 arduum
934 2006 998 2040 est
1027 2016 1149 2052 quain
1182 2007 1437 2054 provinciam
1468 2021 1523 2046 re-

193 2077 298 2113 gere.
365 2066 485 2103 Nihil
525 2080 596 2116 per
635 2067 804 2108 libertos
844 2083 1064 2122 servosque
1102 2075 1290 2123 publicae
1330 2077 1400 2123 rei,
1441 2091 1522 2115 non

194 2134 344 2172 studiis
373 2135 547 2184 privatis
571 2149 645 2175 nec
670 2151 719 2176 ex
757 2142 1096 2180 conmendatione
1124 2150 1195 2182 aut
1219 2147 1407 2194 precibus
1435 2160 1522 2185 cen-

193 2203 398 2242 turionem
427 2205 633 2245 militesve
664 2209 804 2257 ascire,
839 2211 910 2248 sed
942 2213 1144 2261 optimum
1177 2228 1380 2266 quemque
1411 2217 1522 2256 fidis-

194 2272 342 2310 simum
362 2278 518 2324 putare.
575 2277 723 2316 Omnia
743 2279 857 2325 scire,
883 2293 964 2318 non
985 2283 1123 2321 omnia
1143 2286 1323 2335 exsequi.
1372 2287 1519 2326 Parvis
1539 2302 1576 2330 30

193 2343 372 2391 peccatis
412 2345 586 2394 veniam,
627 2349 784 2396 magnis
818 2351 1081 2389 severitatem
1135 2355 1400 2403 conmodare3
1445 2370 1518 2395 nec

194 2410 324 2460 poena
363 2425 532 2463 semper,
569 2417 639 2453 sed
674 2418 836 2467 saepius
868 2421 1124 2468 paenitentia
1157 2428 1374 2463 contentus
1406 2439 1515 2476 esse:
