1747 2764
680 144 951 176 GERMANIA.
1425 139 1478 179 43

149 262 345 299 referunt.
406 261 598 297 Sororum
619 258 717 297 filiis
739 259 847 296 idem
873 259 983 309 apud
1003 259 1251 296 avunculum
1273 260 1344 309 qui
1370 261 1479 310 apud

150 334 311 381 patrem
345 330 485 367 honor.
565 329 738 374 Quidam
776 329 1021 367 sanctiorem
1059 329 1335 379 artioremque
1370 330 1479 368 hunc

148 413 298 438 nexum
330 399 542 448 sanguinis
571 399 826 437 arbitrantur
853 404 894 436 et
916 399 959 436 in
984 399 1236 449 accipiendis
1266 400 1478 438 obsidibus

148 471 278 519 magis
311 470 494 518 exigunt,
520 473 732 518 tamquam
763 474 803 506 et
831 469 1016 507 animum
1048 469 1207 508 firmius
1241 474 1282 507 et
1313 470 1477 508 domum

148 540 273 578 latius
295 544 473 577 teneant.
527 539 713 577 Heredes
730 543 870 577 tamen
894 551 1229 589 successoresque
1247 539 1310 577 sni
1331 540 1479 590 cuique
1497 546 1515 573 5

147 610 278 657 liberi,
319 614 359 647 et
402 609 563 646 nullum
606 612 913 647 testamentum.
993 609 1035 646 Si
1080 609 1201 646 liberi
1244 622 1325 646 non
1370 617 1478 657 sunt,

148 680 360 730 proximus
384 679 534 728 gradus
559 679 603 716 in
627 679 886 728 possessione
912 679 1075 726 fratres,
1099 679 1249 728 patrui,
1272 679 1476 717 avunculi.

148 750 311 795 Quanto
341 749 435 799 plus
463 749 801 799 propinquorum,
831 754 986 798 quanto
1020 749 1149 787 maior
1176 748 1375 787 adfinium
1410 762 1480 786 nu-

148 832 296 867 merus,
315 823 431 857 tanto
452 819 670 867 gratiosior
691 824 901 867 senectus3
932 831 1005 857 nec.
1021 819 1108 857 ulla
1124 819 1315 857 orbitatis
1332 819 1476 869 pretia.

201 889 263 928 21.
306 889 522 939 Suscipere
543 893 625 927 tam
650 889 892 928 inimicitias
917 901 989 927 seu
1012 889 1142 939 patris
1166 901 1237 928 seu
1258 889 1480 939 propinqui
1501 897 1537 925 10

149 972 271 1009 quam
306 959 510 997 amicitias
540 971 705 997 necesse
740 963 823 1005 est3
870 971 943 997 nec
982 959 1265 1009 implacabiles
1305 959 1477 997 durant:

149 1029 279 1067 luitur
322 1030 431 1067 enim
475 1029 600 1067 etiam
644 1029 913 1067 homicidium
959 1036 1069 1067 certo
1113 1034 1391 1068 armentorum
1434 1043 1479 1068 ac

149 1112 340 1149 pecorum
372 1111 541 1137 numero
573 1099 802 1149 recipitque
831 1099 1158 1138 satisfactionem
1188 1100 1384 1139 universa
1416 1101 1481 1139 do-

150 1182 252 1217 inus,
301 1169 462 1207 utiliter
510 1169 553 1206 in
601 1169 826 1218 publicum,
877 1169 973 1219 quia
1021 1170 1334 1219 periculosiores
1384 1177 1480 1208 sunt

149 1239 391 1277 inimicitiae
422 1239 538 1277 iuxta
567 1239 812 1277 libertatem.
1501 1250 1535 1277 15

203 1309 470 1348 Convictibus
487 1313 528 1346 et
543 1309 737 1358 hospitiis
758 1322 839 1346 non
860 1309 943 1347 alia
963 1322 1062 1358 gens
1084 1310 1256 1348 effusius
1276 1310 1477 1359 indulget.

149 1380 455 1429 Quemcumque
498 1379 734 1417 mortalium
778 1392 915 1417 arcere
958 1384 1066 1418 tecto
1114 1381 1234 1418 nefas
1278 1381 1476 1428 habetur3

150 1462 224 1499 pro
266 1449 436 1487 fortuna
483 1449 658 1498 quisque
702 1449 912 1499 adparatis
957 1450 1090 1499 epulis
1135 1451 1299 1500 excipit.
1377 1451 1478 1489 Cum

150 1519 348 1566 defecere,
380 1519 450 1568 qui
491 1519 610 1556 modo
648 1519 796 1569 hospes
837 1520 986 1567 fuerat,
1018 1524 1268 1558 monstrator
1307 1520 1481 1570 hospitii

150 1593 190 1627 et
217 1602 372 1637 comes;
404 1589 635 1638 proximam
663 1589 829 1627 domum
859 1602 940 1626 non
970 1589 1137 1627 invitati
1168 1590 1333 1628 adeunt.
1391 1584 1480 1628 Nec
1499 1599 1537 1627 20

150 1659 344 1697 interest:
390 1658 478 1708 pari
522 1659 779 1697 humanitate
823 1659 1093 1708 accipiuntur.
1170 1660 1327 1698 Notum
1371 1660 1482 1709 igno-

149 1733 319 1779 tumque
349 1733 551 1778 quantum
580 1729 632 1767 ad
662 1729 725 1767 ius
755 1729 932 1779 hospitis
961 1742 1080 1769 nemo
1110 1730 1318 1768 discernit.
1377 1731 1481 1770 Abe-

149 1798 252 1847 unti,
289 1799 324 1837 si
362 1798 463 1848 quid
492 1799 736 1849 poposcerit,
768 1799 989 1837 concedere
1024 1800 1171 1847 moris3
1214 1805 1255 1838 et
1286 1802 1479 1850 poscendi

149 1868 193 1905 in
222 1868 355 1906 vicem
383 1869 526 1906 eadem
556 1869 750 1907 facilitas.
810 1870 1004 1907 Gaudent
1034 1870 1283 1918 muneribus,
1311 1871 1382 1908 sed
1406 1884 1479 1909 nec

148 1938 245 1976 data
283 1938 492 1988 imputant
524 1950 600 1976 nec
634 1938 812 1988 acceptis
848 1939 1095 1987 obligantur.
1175 1939 1331 1990 [victus
1371 1941 1480 1979 inter
1499 1951 1536 1978 25

149 2007 334 2057 hospites
365 2008 528 2060 comis]

202 2076 265 2115 22.
308 2078 458 2115 Statim
487 2090 507 2115 e
536 2090 688 2125 somno,
718 2090 840 2128 quem
870 2078 1112 2128 plerumque
1140 2079 1184 2116 in
1211 2080 1320 2117 diem
1349 2084 1480 2118 extra-

149 2146 266 2194 hunt,
297 2146 500 2195 lavantur,
530 2147 694 2197 saepius
725 2148 870 2191 calida,
901 2152 948 2186 ut
979 2149 1089 2198 apud
1121 2161 1222 2198 quos
1255 2149 1479 2199 plurimum

149 2216 281 2255 hiems
303 2221 485 2267 occupet.
542 2218 665 2255 Lauti
686 2218 823 2256 cibum
843 2218 1032 2268 capiunt:
1066 2223 1279 2268 separatae
1302 2220 1479 2268 singulis

150 2287 267 2324 sedes
292 2290 333 2324 et
357 2299 430 2325 sua
455 2287 602 2336 cuique
630 2300 781 2326 mensa.
841 2289 946 2325 Tum
973 2289 1025 2326 ad
1051 2289 1217 2337 negotia
1240 2301 1315 2327 nec
1340 2290 1478 2328 minus
1498 2299 1536 2328 30

150 2368 270 2406 saepe
300 2356 351 2393 ad
379 2356 570 2394 convivia
598 2358 825 2406 procedunt
855 2359 1013 2396 armati.
1085 2359 1203 2396 Diem
1236 2363 1479 2408 noctemque

149 2425 389 2463 continuare
428 2427 608 2476 potando
646 2427 750 2464 nulli
785 2428 988 2477 probrum.
1062 2429 1250 2473 Crebrae,
1286 2433 1331 2466 ut
1370 2429 1479 2466 inter
