1747 2764
678 129 936 161 AGRIGOLA.
1422 124 1473 163 122)

142 257 265 295 quem
293 245 375 283 iam
406 244 538 283 hostis
568 244 787 282 insederat.
850 244 960 282 Nam
992 244 1185 281 Britanni
1216 245 1321 282 nihil
1353 245 1473 283 fraoti

142 327 304 365 pugnae
334 314 481 364 prioris
512 319 674 357 eventu,
697 318 737 351 et
768 314 969 351 ultionem
999 319 1071 351 aut
1097 314 1311 352 servitium
1334 327 1475 364 expec-

142 388 291 432 tantes,
326 384 574 434 tandemque
610 384 720 421 docti
754 396 955 421 conmune
990 384 1220 433 perieulum
1256 385 1475 422 concordia

142 454 480 504 propulsandum,
511 453 786 502 legationibus
818 458 859 491 et
892 454 1130 492 foederibus
1164 454 1347 491 omnium
1380 454 1476 491 civi-

141 528 275 562 tatum
309 523 411 562 viris
449 523 700 561 exciverant.
773 523 945 572 Iamque
984 536 1105 573 super
1145 524 1317 572 triginta
1357 524 1507 562 milia:-

141 598 390 631 armatorum
435 593 782 643 adspiciebantur,
828 598 869 631 et
911 593 1045 631 adhuc
1089 593 1298 631 adfluebat
1341 594 1473 632 omnis

141 664 336 701 iuventus
366 667 406 701 et
436 663 586 713 quibus
616 663 742 701 cruda
771 676 817 700 ac
844 663 987 701 viridis
1011 669 1212 704 senectus,
1235 663 1335 701 clari
1366 664 1474 701 bello

141 737 183 771 et
213 746 288 772 sua
316 733 490 784 quisque
521 733 667 771 decora
697 737 919 782 gestantes,
941 746 1034 771 cum
1065 733 1172 771 inter
1196 733 1328 784 pluris
1351 734 1473 772 duces

142 805 296 842 virtute
326 807 367 841 et
396 815 543 851 genere
573 807 787 853 praestans
819 803 984 841 nomine
1016 803 1216 852 Calgacus
1247 803 1357 853 apud
1387 816 1476 841 con-

141 878 316 913 tractam
343 873 655 911 multitudinem
684 873 886 923 proelium
918 878 1153 923 poscentem
1184 874 1227 911 in
1257 874 1366 911 hunc
1396 887 1476 911 mo-

143 945 240 982 dum
261 944 422 982 locutus
443 944 597 981 fertur:

606 1064 730 1104 speech
759 1065 800 1104 of
824 1064 1008 1104 Calqacus.

195 1148 258 1187 30.
301 1148 521 1193 ‘Quotiens
561 1160 705 1186 causas
743 1147 842 1185 belli
878 1152 919 1185 et
958 1147 1249 1185 necessitatem
1292 1152 1476 1185 nostram

142 1219 316 1264 intueor,
352 1231 524 1266 magnus
559 1217 662 1254 mihi
696 1217 858 1255 animus
889 1222 952 1255 est
986 1218 1231 1255 hodiernum
1258 1218 1366 1255 diem
1387 1230 1476 1255 con-

144 1300 390 1338 sensumque
429 1292 611 1326 vestrum
652 1287 819 1324 initium
862 1287 1068 1325 libertatis
1116 1288 1194 1325 toti
1234 1288 1474 1326 Britanniae

143 1359 253 1407 fore3
284 1371 380 1396 nain
401 1362 442 1395 et
461 1357 644 1395 universi
674 1357 888 1399 servitutis
919 1361 1107 1406 expertes
1131 1362 1173 1395 et
1197 1357 1335 1395 nullae
1364 1358 1477 1395 ultra

143 1432 276 1465 terrae
315 1440 360 1465 ac
399 1439 449 1464 ne
487 1439 598 1464 mare
637 1426 804 1475 quidem
846 1439 1046 1470 securum,
1088 1427 1317 1465 inminente
1357 1428 1475 1465 nobis

143 1498 273 1536 classe
295 1497 492 1535 Romana.
552 1497 620 1534 Ita
639 1496 839 1546 proelium
864 1502 986 1545 atque
1017 1510 1130 1534 arma
1161 1510 1264 1546 quae
1295 1498 1474 1549 fortibus

142 1568 326 1615 honesta,
358 1567 501 1605 eadem
539 1566 663 1604 etiam
694 1566 856 1615 ignavis
887 1567 1098 1605 tutissima
1133 1571 1238 1604 sunt.
1311 1567 1474 1605 Priores

143 1650 316 1688 pugnae,
334 1637 483 1687 quibus
505 1637 704 1674 adversus
721 1637 929 1674 Romanos
947 1637 1062 1674 varia
1082 1637 1253 1674 fortuna
1272 1640 1474 1674 certatum

1496 883 1531 910 10

1496 1370 1531 1397 15

142 1712 217 1755 est,
240 1720 353 1757 spem
375 1719 420 1745 ac
441 1707 671 1745 subsidium
693 1706 736 1743 in
756 1707 909 1745 nostris
931 1707 1120 1744 manibus
1141 1707 1360 1754 habebant,
1379 1707 1477 1756 quia
1494 1716 1532 1744 20

142 1777 392 1816 nobilissimi
412 1777 542 1814 totius
563 1776 806 1814 Britanniae
827 1789 955 1826 eoque
986 1777 1029 1813 in
1058 1777 1161 1826 ipsis
1191 1777 1475 1826 penetralibus

143 1847 213 1886 siti
242 1860 316 1885 nec
347 1847 617 1886 servientium
640 1846 765 1884 litora
792 1845 1082 1896 adspicientes,
1105 1845 1243 1882 oculos
1269 1858 1430 1896 quoque
1453 1859 1476 1884 a

142 1921 333 1955 contactu
354 1916 648 1954 dominationis
672 1916 894 1953 inviolatos
918 1916 1182 1953 habebamus.
1240 1916 1332 1954 Nos
1352 1920 1475 1953 terra-

142 2000 231 2024 rum
258 1999 304 2024 ac
333 1986 538 2024 libertatis
564 1990 771 2023 extremos
798 1998 981 2023 recessus
1008 1985 1096 2034 ipse
1124 1998 1169 2022 ac
1197 1985 1311 2023 sinus
1339 1985 1474 2023 famae

143 2057 186 2094 in
206 2056 316 2094 hunc
337 2056 446 2093 diem
467 2055 681 2103 defendit3
712 2060 835 2105 atque
857 2067 975 2092 omne
1002 2055 1189 2103 ignotum
1219 2067 1293 2104 pro
1322 2055 1475 2104 magni-

143 2126 219 2164 fico
248 2129 331 2164 est:
369 2125 441 2163 sed
467 2137 576 2163 nunc
604 2125 806 2163 terminus
836 2124 1077 2162 Britanniae
1099 2128 1226 2174 patet,
1248 2124 1364 2162 nulla
1393 2124 1473 2162 iam

142 2196 254 2243 ultra
287 2208 398 2244 gens,
429 2195 536 2232 nihil
566 2195 649 2233 nisi
678 2195 828 2232 fluctus
859 2198 900 2232 et
931 2207 1029 2232 saxa
1058 2198 1100 2232 et
1128 2194 1367 2238 infestiores
1398 2195 1475 2232 Ro-

143 2265 268 2313 mani,
293 2277 466 2314 quorum
496 2265 729 2314 superbiam
758 2265 916 2302 frustra
945 2277 1017 2314 per
1047 2264 1290 2314 obsequium
1320 2276 1365 2302 ae
1394 2277 1475 2301 mo-

145 2335 320 2373 destiam
367 2334 572 2383 effugeris.
648 2335 852 2383 Raptores
901 2333 1023 2380 orbis,
1064 2338 1283 2383 postquam
1326 2338 1476 2371 cuncta

1494 2063 1530 2089 25

147 2403 405 2442 vastantibus
435 2404 602 2441 defuere
632 2407 777 2450 terrae,
808 2403 890 2441 iam
919 2407 960 2440 et
988 2415 1100 2441 mare
1140 2407 1397 2440 scrutantur:
1440 2403 1474 2441 si
1494 2412 1531 2439 30
