1747 2764
621 458 673 504 P.
718 457 1039 505 CORNELII
1087 457 1313 505 TACITI

525 594 591 655 D
607 594 670 655 E
757 592 823 656 G
841 593 904 654 E
923 593 990 655 R
1008 593 1089 654 M
1107 593 1262 654 AN
1279 592 1402 655 IA

867 741 1069 784 LIBER.

492 877 522 912 Ι.
573 876 775 912 GENERAL
802 876 1090 911 DEscmPTmN.
1144 876 1443 923 (Chaps.1—27.)

717 978 945 1010 Bounclaries
969 978 1011 1019 of
1031 977 1220 1017 Germany.

353 1069 387 1107 1.
430 1068 654 1108 Germania
688 1067 822 1105 omnis
851 1079 875 1105 a
910 1066 1045 1105 Gallis
1078 1066 1305 1116 Raetisque
1337 1071 1378 1105 et
1408 1067 1638 1106 Pannoniis

299 1140 447 1178 Rheno
468 1143 509 1177 et
530 1138 722 1176 Danuvio
739 1137 992 1185 fluminibus,
1012 1150 1035 1175 a
1052 1137 1252 1175 Sarmatis
1270 1137 1477 1187 Dacisque
1494 1142 1638 1176 mutuo

300 1215 413 1248 metu
451 1213 524 1248 aut
561 1208 770 1247 montibus
811 1211 1050 1258 separatur:
1093 1211 1230 1245 cetera
1269 1207 1456 1246 Oceanus
1495 1208 1637 1256 ambit,

272 1280 407 1320 ¹latos
447 1280 563 1319 sinus
602 1283 642 1317 et
680 1278 911 1316 insularum
947 1278 1137 1316 inmensa
1171 1278 1308 1328 spatia
1346 1278 1638 1328 complectens,

262 1361 280 1389 5
299 1364 431 1402 nuper
474 1350 650 1399 cognitis
694 1349 944 1399 quibusdam
986 1348 1178 1398 gentibus
1226 1361 1271 1387 ac
1320 1348 1497 1398 regibus,
1537 1360 1640 1398 quos

301 1422 456 1461 bellum
488 1420 661 1471 aperuit.
722 1420 906 1467 Rhenus,
929 1419 1197 1457 Raeticarum
1228 1418 1401 1469 Alpium
1431 1418 1641 1458 inaccesso

302 1506 347 1532 ac
377 1491 596 1543 praecipiti
626 1490 779 1529 vertice
801 1494 928 1538 ortus,
969 1490 1131 1527 modico
1164 1489 1275 1527 flexu
1309 1489 1353 1526 in
1384 1489 1640 1528 occidentem

301 1576 446 1602 versus
474 1561 791 1612 septentrionali
816 1561 979 1599 Oceano
1007 1560 1214 1598 miscetur.
1276 1560 1494 1598 Danuvius
1524 1559 1640 1598 molli

303 1639 344 1673 et
374 1634 597 1672 clementer
632 1632 745 1670 edito
780 1631 934 1669 montis
965 1630 1164 1669 Abnobae
1196 1630 1292 1679 iugo
1322 1630 1478 1669 effusus
1508 1630 1641 1681 pluris

247 1716 284 1745 10
303 1704 476 1756 populos
499 1704 597 1750 adit,
616 1703 743 1741 donec
767 1702 809 1739 in
825 1701 1045 1739 Ponticum
1068 1713 1180 1739 mare
1197 1713 1270 1739 sex
1286 1700 1491 1739 meatibus
1513 1713 1642 1739 erum-

303 1780 397 1827 pat:
430 1774 654 1825 septimum
674 1786 717 1811 os
739 1772 962 1823 paiudibus
984 1771 1184 1810 hauritur.

864 1897 1076 1937 Etlmolossy.

358 1988 394 2027 2.
436 1988 556 2038 Ipsos
592 1987 820 2025 Germanos
855 1985 1073 2034 indigenas
1107 1984 1353 2023 crediderim
1388 1984 1641 2035 minimeque

304 2060 478 2098 aliarum
501 2057 688 2107 gentium
710 2056 958 2095 adventibus
979 2060 1019 2093 et
1040 2055 1236 2105 hospitiis
1262 2055 1426 2103 mixtos,
1450 2055 1548 2105 quia
1567 2067 1641 2093 nec

304 2134 415 2168 terra
441 2129 552 2176 olim,
575 2128 647 2166 sed
670 2127 872 2165 classibus
897 2126 1210 2164 advehebantur
1239 2125 1311 2176 qui
1338 2129 1497 2164 mutare
1523 2126 1641 2164 sedes

249 2207 286 2235 15
306 2199 570 2250 quaerebant,
589 2202 629 2236 et
650 2197 864 2235 inmensus
884 2196 996 2234 ultra
1016 2199 1143 2246 utque
1165 2195 1223 2234 sic
1245 2195 1422 2233 dixerim
1443 2196 1641 2234 adversus

306 2271 494 2310 Oceanus
516 2269 618 2307 raris
640 2268 691 2306 ab
712 2268 807 2305 orbe
828 2270 969 2305 nostro
989 2266 1164 2304 navibus
1186 2266 1336 2304 aditur.
1386 2265 1486 2311 Quis
1507 2278 1640 2316 porro,

306 2344 470 2392 praeter
492 2338 721 2389 periculum
742 2337 900 2375 horridi
922 2341 963 2374 et
984 2336 1115 2385 ignoti
1132 2336 1270 2384 maris,
1290 2336 1391 2375 Asia
1407 2340 1479 2374 aut
1495 2335 1642 2374 Africa

307 2415 379 2450 aut
408 2410 536 2448 Italia
565 2409 712 2446 relicta
742 2407 1010 2446 Germaniam
1041 2410 1211 2456 peteret,
1244 2407 1466 2444 informem
1505 2406 1639 2452 terris,

954 2477 994 2509 32
