1747 2764
692 138 949 170 AGRICOLA.
1429 134 1480 174 27

151 265 274 290 anum
293 264 506 300 remeasse,
525 252 611 290 sive
629 265 770 290 verum
787 252 911 300 istud,
930 253 1016 291 sive
1033 265 1083 290 ex
1100 253 1265 302 ingenio
1282 255 1482 306 principis

151 321 293 359 fictum
318 334 363 359 ac
391 322 664 372 compositum
689 325 761 360 est.
821 322 1068 361 Tradiderat
1098 323 1265 361 interim
1289 325 1484 373 Agricola

151 391 376 430 successori
416 404 488 430 suo
526 391 779 441 provinciam
816 392 999 441 quietam
1037 397 1264 444 tutamque.
1332 395 1392 433 Ac
1431 408 1482 433 ne

151 461 347 499 notabilis
371 461 609 499 celebritate
635 466 676 499 et
700 462 935 511 frequentia
954 463 1255 501 occurrentium
1283 464 1481 504 introitus

151 535 270 579 esset,
294 531 424 569 vitato
454 531 677 570 amicorum
705 531 836 570 officio
865 537 990 571 noctu
1016 533 1059 570 in
1094 534 1249 582 urbem,
1280 539 1404 573 noctu
1437 536 1480 573 in
1499 544 1517 571 5

151 601 370 649 Palatium,
406 601 465 639 ita
498 606 543 639 ut
582 606 846 652 praeceptum
885 607 984 651 erat,
1020 603 1155 651 venit3
1201 609 1479 656 exceptusque

150 672 263 709 brevi
291 671 429 710 osculo
450 676 491 710 et
511 672 626 710 nullo
647 685 833 711 sermone
862 674 1005 711 turbae
1035 674 1306 713 servientium
1334 676 1480 714 inmix-

150 745 216 779 tus
238 746 311 779 est.
370 742 561 779 Ceterum
577 742 640 780 uti
662 742 841 781 militare
862 756 1023 792 nomen,
1042 757 1164 793 grave
1186 745 1294 783 inter
1314 746 1477 793 otiosos,

149 811 242 849 aliis
272 811 498 850 virtutibus
528 815 789 862 temperaret,
820 814 1171 863 tranquillitatem
1201 819 1324 865 atque
1349 816 1477 854 otium

150 881 314 931 penitus
344 881 496 929 hausit,
527 881 641 919 cultu
673 882 870 931 modicus,
900 896 1085 922 sermone
1117 885 1266 931 facilis,
1297 899 1378 923 uno
1407 891 1479 925 aut
1499 896 1535 923 10

149 951 278 989 altero
299 951 521 989 amicorum
542 952 776 1000 comitatus,
794 953 894 991 adeo
914 957 961 991 ut
981 954 1180 1004 plerique,
1202 956 1351 1005 quibus
1372 969 1478 1005 mag-

148 1034 222 1058 nos
246 1021 356 1059 viros
384 1034 455 1070 per
482 1021 749 1059 ambitionem
771 1022 988 1061 aestimare
1010 1037 1097 1063 mos
1118 1029 1192 1072 est,
1209 1025 1297 1064 viso
1313 1026 1479 1076 adspec-

149 1098 272 1141 toque
289 1091 483 1140 Agricola
499 1096 744 1142 quaererent
764 1093 930 1137 famam,
948 1094 1068 1143 pauci
1090 1094 1474 1144 interpretarentur.

376 1216 453 1255 Life
481 1217 515 1247 ίη
542 1217 765 1248 Retiremcnc.
818 1217 975 1249 Atticude
997 1219 1039 1257 of
1054 1218 1250 1251 Domitian.

201 1297 264 1336 41.
306 1298 456 1337 Crebro
483 1311 556 1348 per
582 1310 649 1336 eos
677 1299 765 1337 dies
790 1300 899 1349 apud
930 1300 1213 1338 Domitianum
1242 1303 1388 1341 absens
1419 1317 1478 1341 ac-

150 1372 329 1415 cusatus,
347 1368 493 1406 absens
510 1368 722 1407 absolutus
739 1373 811 1407 est.
871 1372 1006 1408 Causa
1026 1371 1199 1420 periculi
1221 1385 1301 1409 non
1323 1373 1476 1411 crimen
1498 1382 1533 1409 15

146 1436 275 1474 ullum
295 1440 366 1475 aut
381 1436 565 1486 querella
580 1436 681 1475 laesi
695 1437 950 1487 cuiusquam,
963 1438 1035 1476 sed
1052 1439 1241 1477 infensus
1259 1440 1482 1479 virtutibus

148 1505 338 1555 princeps
368 1510 409 1543 et
437 1506 568 1554 gloria
596 1507 675 1543 viri
708 1520 753 1544 ac
786 1507 1010 1556 pessimum
1044 1508 1303 1546 inimicorum
1335 1522 1475 1558 genus,

148 1575 375 1613 laudantes.
443 1576 497 1613 Et
531 1588 578 1613 ea
610 1576 797 1614 insecuta
831 1581 928 1615 sunt
962 1577 1020 1615 rei
1056 1578 1244 1628 publicae
1278 1583 1474 1629 tempora,

147 1658 250 1694 quae
290 1645 403 1683 sileri
437 1645 674 1693 Agricolam
714 1660 795 1684 non
835 1647 1039 1685 sinerent:
1088 1652 1151 1686 tot
1190 1650 1394 1688 exercitus
1434 1651 1475 1687 in

148 1715 306 1753 Moesia
339 1715 549 1765 Daciaque
583 1719 624 1753 et
658 1717 880 1755 Germania
914 1718 1208 1776 ethannonia
1245 1720 1477 1757 temeritate
1496 1731 1534 1758 20

147 1788 218 1822 aut
247 1797 319 1834 per
348 1785 557 1833 ignaviam
587 1785 737 1823 ducum
768 1787 920 1835 amissi,
951 1791 1014 1825 tot
1043 1788 1245 1827 militares
1275 1789 1353 1826 viri
1385 1802 1476 1827 cum

147 1858 209 1892 tot
242 1855 479 1894 cohortibus
519 1857 744 1906 expugnati
783 1861 824 1894 et
862 1858 994 1907 capti:
1036 1870 1108 1896 nec
1142 1859 1221 1896 iam
1259 1860 1308 1897 de
1343 1860 1475 1898 limite

148 1924 310 1974 imperii
335 1929 375 1962 et
400 1925 501 1975 ripa,
525 1926 596 1963 sed
622 1926 671 1964 de
701 1926 885 1965 hibernis
916 1927 1123 1976 legionum
1151 1933 1192 1966 et
1219 1930 1476 1978 possessione

148 1994 392 2032 dubitatum.
438 1995 506 2032 Ita
526 2008 617 2033 cum
639 1996 790 2034 damna
810 1997 972 2035 damnis
993 1998 1333 2037 continuarentur
1353 2004 1476 2050 atque

147 2064 280 2102 omnis
308 2077 439 2102 annus
473 2065 691 2104 funeribus
725 2070 766 2104 et
801 2066 987 2105 cladibus
1022 2068 1307 2117 insigniretur,
1342 2083 1478 2120 posce·
1496 2078 1533 2106 25

147 2134 267 2172 batur
311 2147 378 2172 ore
420 2135 535 2184 vulgi
577 2136 660 2173 dux
702 2137 907 2185 Agricola,
947 2139 1279 2187 comparantibus
1318 2123 1506 2179 cunctisX

148 2202 330 2251 vigorem
348 2203 432 2256 [et]
452 2206 725 2244 constantiam
743 2212 784 2245 et
805 2212 1017 2257 expertum
1041 2208 1140 2245 belli
1171 2209 1353 2247 animum
1384 2222 1476 2248 cum

148 2273 299 2311 inertia
325 2277 366 2311 et
385 2274 608 2312 formidine
624 2280 861 2313 ceterorum.
920 2278 1077 2322 Quibus
1099 2280 1354 2318 sermonibus
1376 2281 1476 2319 satis

147 2346 310 2381 constat
330 2344 560 2382 Domitiani
581 2358 741 2395 quoque
764 2346 874 2384 auris
897 2348 1145 2389 verberatas,
1168 2349 1265 2386 ‹lum
1296 2350 1477 2399 optimus

149 2413 321 2462 quisque
349 2413 587 2451 libertorum
618 2427 754 2452 amore
782 2420 822 2452 et
849 2416 940 2463 fide,
965 2417 1132 2466 pessimi
1155 2419 1415 2467 malignitate
1436 2422 1477 2458 et
1496 2428 1534 2456 30
